[gd_scene load_steps=16 format=2]

[ext_resource path="res://Scenes/Effects/eff_hit.tscn" type="PackedScene" id=1]
[ext_resource path="res://Textures/bubbles.tres" type="QuadMesh" id=2]
[ext_resource path="res://addons/kenney_particle_pack/fire_01.png" type="Texture" id=3]
[ext_resource path="res://Scenes/Effects/JetBullet.cs" type="Script" id=4]
[ext_resource path="res://Assets/Sound/rocket_noise.ogg" type="AudioStream" id=5]

[sub_resource type="SphereShape" id=1]
radius = 0.5

[sub_resource type="SphereMesh" id=2]
radius = 0.5
height = 1.0
radial_segments = 8
rings = 8

[sub_resource type="Curve" id=3]
_data = [ Vector2( 0, 1 ), 0.0, 0.0, 0, 0, Vector2( 1, 1 ), 0.0, 0.0, 0, 0 ]

[sub_resource type="CurveTexture" id=4]
curve = SubResource( 3 )

[sub_resource type="ParticlesMaterial" id=5]
lifetime_randomness = 0.5
emission_shape = 1
emission_sphere_radius = 1.0
spread = 180.0
gravity = Vector3( 0, 0, 0 )
initial_velocity = 1.0
angular_velocity = 50.0
angular_velocity_random = 1.0
scale_curve = SubResource( 4 )

[sub_resource type="Gradient" id=6]
offsets = PoolRealArray( 0, 0.689441, 1 )
colors = PoolColorArray( 1, 0.745098, 0.0627451, 1, 1, 0.211765, 0, 1, 1, 0, 0, 0 )

[sub_resource type="GradientTexture" id=7]
gradient = SubResource( 6 )

[sub_resource type="ParticlesMaterial" id=8]
lifetime_randomness = 0.5
direction = Vector3( 0, 0, -1 )
spread = 0.0
gravity = Vector3( 0, 0, 0 )
initial_velocity = 30.0
angular_velocity = 400.0
angular_velocity_random = 1.0
angle = 360.0
angle_random = 1.0
scale = 5.0
color_ramp = SubResource( 7 )

[sub_resource type="SpatialMaterial" id=9]
flags_transparent = true
flags_unshaded = true
vertex_color_use_as_albedo = true
params_billboard_mode = 3
particles_anim_h_frames = 1
particles_anim_v_frames = 1
particles_anim_loop = false
albedo_texture = ExtResource( 3 )

[sub_resource type="QuadMesh" id=10]
material = SubResource( 9 )

[node name="AmmoD12AP" type="RigidBody"]
transform = Transform( 1, 0, 0, 0, 1, 0, 0, 0, 1, 0, 5.42137, 0 )
input_ray_pickable = false
mass = 0.1
continuous_cd = true
contacts_reported = 1
contact_monitor = true
can_sleep = false
linear_damp = 0.0
script = ExtResource( 4 )
HitEffect = ExtResource( 1 )
Thrust = 100.0
BurnTime = 1.5
Damage = 400.0
Penetration = 10.0
DragFactor = 0.2
SideDragFactor = 0.2

[node name="CollisionShape" type="CollisionShape" parent="."]
shape = SubResource( 1 )

[node name="MeshInstance" type="MeshInstance" parent="."]
mesh = SubResource( 2 )

[node name="BubbleTrail" type="Particles" parent="."]
amount = 1500
lifetime = 4.0
visibility_aabb = AABB( -4, -4, -4000, 8, 8, 4000 )
local_coords = false
process_material = SubResource( 5 )
draw_pass_1 = ExtResource( 2 )

[node name="JetTrail" type="Particles" parent="."]
transform = Transform( 1, 0, 0, 0, 1, 0, 0, 0, 1, 0, 0, -0.480119 )
amount = 20
lifetime = 0.5
process_material = SubResource( 8 )
draw_pass_1 = SubResource( 10 )

[node name="RayCast" type="RayCast" parent="."]
transform = Transform( 1, 0, 0, 0, 1, 0, 0, 0, 1, 0, 0, -10 )
enabled = true
cast_to = Vector3( 0, 0, 40 )
debug_shape_thickness = 5

[node name="RocketSoundPlayer" type="AudioStreamPlayer3D" parent="."]
stream = ExtResource( 5 )
unit_size = 40.0
pitch_scale = 1.2
autoplay = true
bus = "Effects"
doppler_tracking = 2
__meta__ = {
"_edit_group_": true
}

[connection signal="body_entered" from="." to="." method="Collided"]
