[gd_resource type="Resource" load_steps=15 format=2]

[ext_resource path="res://Resources/Equipment/SubLoadouts/SubLoadout.cs" type="Script" id=1]
[ext_resource path="res://Resources/Equipment/Armor/ArmorMedium.tres" type="Resource" id=2]
[ext_resource path="res://Resources/Equipment/SubHulls/SubhullDefender.tres" type="Resource" id=3]
[ext_resource path="res://Resources/Equipment/Modules/Engines/EngMil_3k.tres" type="Resource" id=4]
[ext_resource path="res://Resources/Equipment/Modules/Launchers/TorpedoBox4.tres" type="Resource" id=5]
[ext_resource path="res://Resources/Equipment/Modules/DiveChambers/DiveChamber3.tres" type="Resource" id=6]
[ext_resource path="res://Resources/Equipment/Modules/Turrets/TurretD12x1.tres" type="Resource" id=7]
[ext_resource path="res://Resources/Equipment/DiveTeams/SalvageDiveTeamType.tres" type="Resource" id=8]
[ext_resource path="res://Resources/Equipment/DiveTeams/RepairDiveTeamType.tres" type="Resource" id=9]
[ext_resource path="res://Resources/Equipment/Modules/Sonars/SonarCiv.tres" type="Resource" id=10]
[ext_resource path="res://Resources/Equipment/Torpedoes/JavelinTorpedo.tres" type="Resource" id=11]
[ext_resource path="res://Resources/Equipment/Modules/TowedArrays/TowedCiv.tres" type="Resource" id=12]
[ext_resource path="res://Resources/Equipment/Modules/MinisubHangars/HangarBasic.tres" type="Resource" id=13]
[ext_resource path="res://Resources/Equipment/Minisubs/AvengerMinisubType.tres" type="Resource" id=14]

[resource]
script = ExtResource( 1 )
HullType = ExtResource( 3 )
ArmorType = ExtResource( 2 )
EngineModule = ExtResource( 4 )
SonarModule = ExtResource( 10 )
TowedArrayModule = ExtResource( 12 )
LauncherModules = [ ExtResource( 5 ), ExtResource( 5 ) ]
TurretModules = [ ExtResource( 7 ), ExtResource( 7 ) ]
HangarModules = [ ExtResource( 13 ) ]
OtherModules = [ ExtResource( 6 ) ]
DiveTeams = [ ExtResource( 9 ), ExtResource( 8 ), ExtResource( 8 ) ]
TorpedoesPerTube = [ ExtResource( 11 ), ExtResource( 11 ) ]
Minisubs = [ ExtResource( 14 ) ]
