[gd_scene load_steps=38 format=2]

[ext_resource path="res://splash.png" type="Texture" id=1]
[ext_resource path="res://Scenes/MainMenu.cs" type="Script" id=2]
[ext_resource path="res://Resources/UI/greentheme.tres" type="Theme" id=3]
[ext_resource path="res://Resources/Menu/FactionRelationNovarusLiberte.tres" type="Resource" id=4]
[ext_resource path="res://Assets/Music/supernatural-by-kevin-macleod-from-filmmusic-io.mp3" type="AudioStream" id=5]
[ext_resource path="res://Resources/Menu/FactionRelationNovarusBlackreef.tres" type="Resource" id=6]
[ext_resource path="res://Resources/Menu/FactionRelationNovarusPlayer.tres" type="Resource" id=7]
[ext_resource path="res://Resources/Menu/FactionRelationBlackreefPlayer.tres" type="Resource" id=8]
[ext_resource path="res://Resources/Menu/BountyOfferingsNovarus.tres" type="Resource" id=9]
[ext_resource path="res://Resources/Menu/FactionRelationHudsonLiberte.tres" type="Resource" id=10]
[ext_resource path="res://Resources/Menu/BountyOfferingsHudson.tres" type="Resource" id=11]
[ext_resource path="res://Resources/Menu/FactionRelationHudsonPlayer.tres" type="Resource" id=12]
[ext_resource path="res://Resources/Quests/TheDeathOfTheFitzgeraldQuest.tres" type="Resource" id=13]
[ext_resource path="res://Resources/Simulation/Factions/Hudson/a_HudsonRepublic.tres" type="Resource" id=14]
[ext_resource path="res://Scenes/UI/ProgressPopup.tscn" type="PackedScene" id=15]
[ext_resource path="res://Resources/Worldgen/WorldDefinition.tres" type="Resource" id=16]
[ext_resource path="res://Resources/Menu/FactionRelationCartelPlayer.tres" type="Resource" id=17]
[ext_resource path="res://Scenes/UI/SaveLoadPopup.tscn" type="PackedScene" id=18]
[ext_resource path="res://Resources/Menu/FactionRelationHudsonBlackreef.tres" type="Resource" id=19]
[ext_resource path="res://Resources/Menu/BountyOfferingsLiberte.tres" type="Resource" id=20]
[ext_resource path="res://Resources/Menu/FactionRelationLibertePlayer.tres" type="Resource" id=21]
[ext_resource path="res://Resources/Quests/TutorialQuest.tres" type="Resource" id=22]
[ext_resource path="res://Scenes/UI/SettingsPopup.tscn" type="PackedScene" id=23]
[ext_resource path="res://Resources/Menu/FactionRelationRedReefBlackreef.tres" type="Resource" id=24]
[ext_resource path="res://Resources/Menu/FactionRelationNdfHudson.tres" type="Resource" id=25]
[ext_resource path="res://Resources/Menu/FactionRelationNdfNovarus.tres" type="Resource" id=26]
[ext_resource path="res://Resources/Menu/FactionRelationRedReefNovarus.tres" type="Resource" id=27]
[ext_resource path="res://Resources/Menu/FactionRelationRedReefHudson.tres" type="Resource" id=28]
[ext_resource path="res://Resources/Menu/FactionRelationNovarusCartel.tres" type="Resource" id=29]
[ext_resource path="res://Resources/Menu/FactionRelationRedReefPlayer.tres" type="Resource" id=30]
[ext_resource path="res://Resources/Menu/FactionRelationNdfNovarusNavy.tres" type="Resource" id=31]
[ext_resource path="res://Resources/Menu/FactionRelationNdfNovarusTraders.tres" type="Resource" id=32]
[ext_resource path="res://Scenes/UI/SoundEffectPlayerNode.tscn" type="PackedScene" id=33]

[sub_resource type="InputEventAction" id=1]
action = "ui_cancel"

[sub_resource type="ShortCut" id=2]
shortcut = SubResource( 1 )

[sub_resource type="InputEventAction" id=3]
action = "ui_cancel"

[sub_resource type="ShortCut" id=4]
shortcut = SubResource( 3 )

[node name="MainMenu" type="Control"]
anchor_right = 1.0
anchor_bottom = 1.0
script = ExtResource( 2 )
FactionRelations = [ ExtResource( 8 ), ExtResource( 17 ), ExtResource( 19 ), ExtResource( 10 ), ExtResource( 12 ), ExtResource( 21 ), ExtResource( 25 ), ExtResource( 26 ), ExtResource( 6 ), ExtResource( 29 ), ExtResource( 4 ), ExtResource( 7 ), ExtResource( 24 ), ExtResource( 28 ), ExtResource( 27 ), ExtResource( 30 ), ExtResource( 31 ), ExtResource( 32 ) ]
BountyOfferings = [ ExtResource( 11 ), ExtResource( 20 ), ExtResource( 9 ) ]
OpenWorldQuests = [ ExtResource( 13 ), ExtResource( 22 ) ]
Alliances = [ ExtResource( 14 ) ]
WorldDefinition = ExtResource( 16 )

[node name="TextureRect" type="TextureRect" parent="."]
anchor_right = 1.0
anchor_bottom = 1.0
texture = ExtResource( 1 )
expand = true
stretch_mode = 1

[node name="MainMenuPanel" type="PanelContainer" parent="."]
anchor_left = 1.0
anchor_top = 0.5
anchor_right = 1.0
anchor_bottom = 0.5
margin_left = -343.0
margin_top = -68.0
margin_right = -229.0
margin_bottom = 66.0
theme = ExtResource( 3 )
__meta__ = {
"_edit_use_anchors_": false
}

[node name="VBoxContainer" type="VBoxContainer" parent="MainMenuPanel"]
margin_left = 7.0
margin_top = 7.0
margin_right = 115.0
margin_bottom = 215.0

[node name="TitleLabel" type="Label" parent="MainMenuPanel/VBoxContainer"]
margin_right = 108.0
margin_bottom = 14.0
rect_min_size = Vector2( 100, 0 )
text = "XENOSEA"
align = 1

[node name="VersionLabel" type="Label" parent="MainMenuPanel/VBoxContainer"]
margin_top = 18.0
margin_right = 108.0
margin_bottom = 32.0
text = "0.2.49"
align = 1

[node name="HSeparator" type="HSeparator" parent="MainMenuPanel/VBoxContainer"]
margin_top = 36.0
margin_right = 108.0
margin_bottom = 40.0

[node name="ContinueCampaignButton" type="Button" parent="MainMenuPanel/VBoxContainer"]
margin_top = 44.0
margin_right = 108.0
margin_bottom = 64.0
shortcut_in_tooltip = false
text = "Continue"
__meta__ = {
"_edit_use_anchors_": false
}

[node name="NewCampaignButton" type="Button" parent="MainMenuPanel/VBoxContainer"]
margin_top = 68.0
margin_right = 108.0
margin_bottom = 88.0
shortcut_in_tooltip = false
text = "New Campaign"
__meta__ = {
"_edit_use_anchors_": false
}

[node name="LoadCampaignButton" type="Button" parent="MainMenuPanel/VBoxContainer"]
margin_top = 92.0
margin_right = 108.0
margin_bottom = 112.0
shortcut_in_tooltip = false
text = "Load Campaign"
__meta__ = {
"_edit_use_anchors_": false
}

[node name="HSeparator4" type="HSeparator" parent="MainMenuPanel/VBoxContainer"]
margin_top = 116.0
margin_right = 108.0
margin_bottom = 120.0

[node name="WorldButton2" type="Button" parent="MainMenuPanel/VBoxContainer"]
margin_top = 124.0
margin_right = 108.0
margin_bottom = 144.0
shortcut_in_tooltip = false
text = "World Gen"
__meta__ = {
"_edit_use_anchors_": false
}

[node name="HSeparator3" type="HSeparator" parent="MainMenuPanel/VBoxContainer"]
margin_top = 148.0
margin_right = 108.0
margin_bottom = 152.0

[node name="SettingsButton" type="Button" parent="MainMenuPanel/VBoxContainer"]
margin_top = 156.0
margin_right = 108.0
margin_bottom = 176.0
shortcut_in_tooltip = false
text = "Settings"
__meta__ = {
"_edit_use_anchors_": false
}

[node name="HSeparator2" type="HSeparator" parent="MainMenuPanel/VBoxContainer"]
margin_top = 180.0
margin_right = 108.0
margin_bottom = 184.0

[node name="QuitButton" type="Button" parent="MainMenuPanel/VBoxContainer"]
margin_top = 188.0
margin_right = 108.0
margin_bottom = 208.0
shortcut_in_tooltip = false
shortcut = SubResource( 2 )
text = "Quit"
__meta__ = {
"_edit_use_anchors_": false
}

[node name="StartupPanel" type="PanelContainer" parent="."]
visible = false
anchor_left = 1.0
anchor_top = 0.5
anchor_right = 1.0
anchor_bottom = 0.5
margin_left = -474.0
margin_top = -128.0
margin_right = -84.0
margin_bottom = 128.0
__meta__ = {
"_edit_use_anchors_": false
}

[node name="VBoxContainer" type="VBoxContainer" parent="StartupPanel"]
margin_left = 7.0
margin_top = 7.0
margin_right = 383.0
margin_bottom = 273.0

[node name="Label" type="Label" parent="StartupPanel/VBoxContainer"]
margin_right = 376.0
margin_bottom = 14.0
text = "Battle Test"
align = 1

[node name="HSeparator" type="HSeparator" parent="StartupPanel/VBoxContainer"]
margin_top = 18.0
margin_right = 376.0
margin_bottom = 22.0

[node name="Label2" type="Label" parent="StartupPanel/VBoxContainer"]
margin_top = 26.0
margin_right = 376.0
margin_bottom = 74.0
text = "Hudson and Novarus have set up a series of outposts in an isolated ocean trench, and all out war has broken out.
Pick a side and a sub, and get to the battle."
autowrap = true

[node name="HSeparator2" type="HSeparator" parent="StartupPanel/VBoxContainer"]
margin_top = 78.0
margin_right = 376.0
margin_bottom = 82.0

[node name="GridContainer" type="GridContainer" parent="StartupPanel/VBoxContainer"]
margin_top = 86.0
margin_right = 376.0
margin_bottom = 234.0
columns = 2

[node name="VBoxContainer" type="VBoxContainer" parent="StartupPanel/VBoxContainer/GridContainer"]
margin_right = 72.0
margin_bottom = 44.0

[node name="FactionButton1" type="Button" parent="StartupPanel/VBoxContainer/GridContainer/VBoxContainer"]
margin_right = 72.0
margin_bottom = 20.0
toggle_mode = true
text = "Novarus"

[node name="FactionButton2" type="Button" parent="StartupPanel/VBoxContainer/GridContainer/VBoxContainer"]
margin_top = 24.0
margin_right = 72.0
margin_bottom = 44.0
toggle_mode = true
text = "Hudson"

[node name="FactionInfoLabel" type="Label" parent="StartupPanel/VBoxContainer/GridContainer"]
margin_left = 76.0
margin_right = 376.0
margin_bottom = 44.0
rect_min_size = Vector2( 300, 0 )
size_flags_vertical = 7
text = "Blah blah faction blah"
autowrap = true

[node name="HSeparator" type="HSeparator" parent="StartupPanel/VBoxContainer/GridContainer"]
margin_top = 48.0
margin_right = 72.0
margin_bottom = 52.0

[node name="HSeparator2" type="HSeparator" parent="StartupPanel/VBoxContainer/GridContainer"]
margin_left = 76.0
margin_top = 48.0
margin_right = 376.0
margin_bottom = 52.0

[node name="VBoxContainer2" type="VBoxContainer" parent="StartupPanel/VBoxContainer/GridContainer"]
margin_top = 56.0
margin_right = 72.0
margin_bottom = 148.0

[node name="SubButton1" type="Button" parent="StartupPanel/VBoxContainer/GridContainer/VBoxContainer2"]
margin_right = 72.0
margin_bottom = 20.0
toggle_mode = true
text = "Infiltrator"

[node name="SubButton2" type="Button" parent="StartupPanel/VBoxContainer/GridContainer/VBoxContainer2"]
margin_top = 24.0
margin_right = 72.0
margin_bottom = 44.0
toggle_mode = true
text = "Frigate"

[node name="SubButton3" type="Button" parent="StartupPanel/VBoxContainer/GridContainer/VBoxContainer2"]
margin_top = 48.0
margin_right = 72.0
margin_bottom = 68.0
toggle_mode = true
text = "Czar"

[node name="SubButton4" type="Button" parent="StartupPanel/VBoxContainer/GridContainer/VBoxContainer2"]
margin_top = 72.0
margin_right = 72.0
margin_bottom = 92.0
toggle_mode = true
text = "h"

[node name="SubInfoLabel" type="Label" parent="StartupPanel/VBoxContainer/GridContainer"]
margin_left = 76.0
margin_top = 56.0
margin_right = 376.0
margin_bottom = 148.0
rect_min_size = Vector2( 300, 0 )
size_flags_vertical = 5
text = "Blah blah sub blah"
autowrap = true

[node name="HSeparator3" type="HSeparator" parent="StartupPanel/VBoxContainer"]
margin_top = 238.0
margin_right = 376.0
margin_bottom = 242.0

[node name="HBoxContainer2" type="HBoxContainer" parent="StartupPanel/VBoxContainer"]
margin_top = 246.0
margin_right = 376.0
margin_bottom = 266.0
alignment = 1
__meta__ = {
"_edit_use_anchors_": false
}

[node name="StartButton" type="Button" parent="StartupPanel/VBoxContainer/HBoxContainer2"]
margin_left = 86.0
margin_right = 127.0
margin_bottom = 20.0
text = "Start"
__meta__ = {
"_edit_use_anchors_": false
}

[node name="Control" type="Control" parent="StartupPanel/VBoxContainer/HBoxContainer2"]
margin_left = 131.0
margin_right = 231.0
margin_bottom = 20.0
rect_min_size = Vector2( 100, 0 )

[node name="CancelButton" type="Button" parent="StartupPanel/VBoxContainer/HBoxContainer2"]
margin_left = 235.0
margin_right = 289.0
margin_bottom = 20.0
shortcut = SubResource( 4 )
text = "Cancel"
__meta__ = {
"_edit_use_anchors_": false
}

[node name="WorldPanel" type="PanelContainer" parent="."]
visible = false
anchor_left = 1.0
anchor_top = 0.5
anchor_right = 1.0
anchor_bottom = 0.5
margin_left = -474.0
margin_top = -86.0
margin_right = -84.0
margin_bottom = 85.0
__meta__ = {
"_edit_use_anchors_": false
}

[node name="VBoxContainer" type="VBoxContainer" parent="WorldPanel"]
margin_left = 7.0
margin_top = 7.0
margin_right = 383.0
margin_bottom = 164.0

[node name="Label" type="Label" parent="WorldPanel/VBoxContainer"]
margin_right = 376.0
margin_bottom = 14.0
text = "World Test"
align = 1

[node name="HSeparator" type="HSeparator" parent="WorldPanel/VBoxContainer"]
margin_top = 18.0
margin_right = 376.0
margin_bottom = 22.0

[node name="Label2" type="Label" parent="WorldPanel/VBoxContainer"]
margin_top = 26.0
margin_right = 376.0
margin_bottom = 125.0
text = "A limited version of the planned open world. Explore the Hudson province of Northburg. Help with the local pirate problem, or throw in with the pirates yourself.

Features dynamic faction alignments and upgradable equipment."
autowrap = true

[node name="HSeparator2" type="HSeparator" parent="WorldPanel/VBoxContainer"]
margin_top = 129.0
margin_right = 376.0
margin_bottom = 133.0

[node name="HBoxContainer2" type="HBoxContainer" parent="WorldPanel/VBoxContainer"]
margin_top = 137.0
margin_right = 376.0
margin_bottom = 157.0
alignment = 1
__meta__ = {
"_edit_use_anchors_": false
}

[node name="StartButton" type="Button" parent="WorldPanel/VBoxContainer/HBoxContainer2"]
margin_left = 86.0
margin_right = 127.0
margin_bottom = 20.0
text = "Start"
__meta__ = {
"_edit_use_anchors_": false
}

[node name="Control" type="Control" parent="WorldPanel/VBoxContainer/HBoxContainer2"]
margin_left = 131.0
margin_right = 231.0
margin_bottom = 20.0
rect_min_size = Vector2( 100, 0 )

[node name="CancelButton" type="Button" parent="WorldPanel/VBoxContainer/HBoxContainer2"]
margin_left = 235.0
margin_right = 289.0
margin_bottom = 20.0
shortcut = SubResource( 4 )
text = "Cancel"
__meta__ = {
"_edit_use_anchors_": false
}

[node name="MusicAttribution" type="Label" parent="."]
anchor_left = 1.0
anchor_top = 1.0
anchor_right = 1.0
anchor_bottom = 1.0
margin_left = -397.0
margin_top = -48.0
text = "Music By Kevin MacLeod (incompetech.com)
Licensed under Creative Commons: By Attribution 3.0 License
http://creativecommons.org/licenses/by/3.0/"
__meta__ = {
"_edit_use_anchors_": false
}

[node name="AudioStreamPlayer" type="AudioStreamPlayer" parent="."]
stream = ExtResource( 5 )
autoplay = true
bus = "Music"

[node name="ProgressPopup" parent="." instance=ExtResource( 15 )]

[node name="SaveLoadPopup" parent="." instance=ExtResource( 18 )]
visible = false

[node name="SettingsPopup" parent="." instance=ExtResource( 23 )]
visible = false

[node name="SoundEffectPlayerNode" parent="." instance=ExtResource( 33 )]

[connection signal="pressed" from="MainMenuPanel/VBoxContainer/ContinueCampaignButton" to="." method="ContinueCampaign"]
[connection signal="pressed" from="MainMenuPanel/VBoxContainer/NewCampaignButton" to="." method="StartNewCampaign"]
[connection signal="pressed" from="MainMenuPanel/VBoxContainer/LoadCampaignButton" to="." method="LoadCampaign"]
[connection signal="pressed" from="MainMenuPanel/VBoxContainer/WorldButton2" to="." method="ShowWorldGen"]
[connection signal="pressed" from="MainMenuPanel/VBoxContainer/SettingsButton" to="." method="ShowSettings"]
[connection signal="pressed" from="MainMenuPanel/VBoxContainer/QuitButton" to="." method="OnQuitButton"]
[connection signal="pressed" from="StartupPanel/VBoxContainer/GridContainer/VBoxContainer/FactionButton1" to="." method="SelectFaction" binds= [ 0 ]]
[connection signal="pressed" from="StartupPanel/VBoxContainer/GridContainer/VBoxContainer/FactionButton2" to="." method="SelectFaction" binds= [ 1 ]]
[connection signal="pressed" from="StartupPanel/VBoxContainer/GridContainer/VBoxContainer2/SubButton1" to="." method="SelectSub" binds= [ 0 ]]
[connection signal="pressed" from="StartupPanel/VBoxContainer/GridContainer/VBoxContainer2/SubButton2" to="." method="SelectSub" binds= [ 1 ]]
[connection signal="pressed" from="StartupPanel/VBoxContainer/GridContainer/VBoxContainer2/SubButton3" to="." method="SelectSub" binds= [ 2 ]]
[connection signal="pressed" from="StartupPanel/VBoxContainer/GridContainer/VBoxContainer2/SubButton4" to="." method="SelectSub" binds= [ 3 ]]
[connection signal="pressed" from="StartupPanel/VBoxContainer/HBoxContainer2/StartButton" to="." method="StartGame"]
[connection signal="pressed" from="StartupPanel/VBoxContainer/HBoxContainer2/CancelButton" to="." method="ShowMainMenu"]
[connection signal="pressed" from="WorldPanel/VBoxContainer/HBoxContainer2/StartButton" to="." method="StartWorldTest"]
[connection signal="pressed" from="WorldPanel/VBoxContainer/HBoxContainer2/CancelButton" to="." method="ShowMainMenu"]
