[gd_scene load_steps=12 format=2]

[ext_resource path="res://addons/kenney_particle_pack/spark_06.png" type="Texture" id=1]
[ext_resource path="res://Scenes/Effects/SpawnParticles.cs" type="Script" id=2]
[ext_resource path="res://Scenes/Effects/TimedLight.cs" type="Script" id=3]
[ext_resource path="res://Assets/Sound/railgun_shoot.ogg" type="AudioStream" id=4]

[sub_resource type="Gradient" id=3]
offsets = PoolRealArray( 0, 0.572785, 1 )
colors = PoolColorArray( 1, 1, 0.435294, 1, 1, 1, 0, 1, 1, 1, 0, 0 )

[sub_resource type="GradientTexture" id=4]
gradient = SubResource( 3 )

[sub_resource type="Curve" id=1]
_data = [ Vector2( 0, 1 ), 0.0, 0.0, 0, 0, Vector2( 0.782609, 0.80644 ), -0.669091, -0.669091, 0, 0, Vector2( 1, 0 ), -4.59465, 0.0, 0, 0 ]

[sub_resource type="CurveTexture" id=2]
curve = SubResource( 1 )

[sub_resource type="ParticlesMaterial" id=5]
lifetime_randomness = 0.5
direction = Vector3( 0, 0, 1 )
spread = 20.0
gravity = Vector3( 0, 2, 0 )
initial_velocity = 50.0
initial_velocity_random = 1.0
angle = 180.0
angle_random = 1.0
scale = 3.0
scale_curve = SubResource( 2 )
color_ramp = SubResource( 4 )

[sub_resource type="SpatialMaterial" id=6]
flags_transparent = true
flags_unshaded = true
flags_albedo_tex_force_srgb = true
vertex_color_use_as_albedo = true
params_blend_mode = 1
params_billboard_mode = 3
particles_anim_h_frames = 1
particles_anim_v_frames = 1
particles_anim_loop = false
albedo_texture = ExtResource( 1 )

[sub_resource type="QuadMesh" id=7]
material = SubResource( 6 )

[node name="eff_railgunshot" type="Spatial"]
script = ExtResource( 2 )
BaseTimeToLive = 2.3

[node name="Flare" type="Particles" parent="."]
transform = Transform( 1, 0, 0, 0, 1, 0, 0, 0, 1, 0, 0, 0.117845 )
emitting = false
amount = 100
lifetime = 0.2
one_shot = true
explosiveness = 1.0
process_material = SubResource( 5 )
draw_pass_1 = SubResource( 7 )

[node name="OmniLight" type="OmniLight" parent="."]
light_color = Color( 1, 1, 0, 1 )
omni_range = 20.0
script = ExtResource( 3 )
TimeToLight = 0.2

[node name="AudioStreamPlayer3D" type="AudioStreamPlayer3D" parent="."]
stream = ExtResource( 4 )
unit_size = 100.0
autoplay = true
bus = "Effects"
