[gd_scene load_steps=11 format=2]

[ext_resource path="res://Scenes/UI/ArmsDealer.cs" type="Script" id=1]
[ext_resource path="res://Textures/torp_standard.png" type="Texture" id=2]
[ext_resource path="res://Scenes/UI/TorpedoVendor.cs" type="Script" id=3]
[ext_resource path="res://Scenes/UI/TorpedoDealerOptionButton.tscn" type="PackedScene" id=4]
[ext_resource path="res://Scenes/UI/ModuleVendorScreen.tscn" type="PackedScene" id=5]
[ext_resource path="res://Scenes/UI/SubmarineVendor.cs" type="Script" id=10]
[ext_resource path="res://Textures/sub_sparrow.png" type="Texture" id=12]
[ext_resource path="res://Scenes/UI/MinisubVendor.cs" type="Script" id=13]
[ext_resource path="res://Scenes/UI/MinisubVendorOptionButton.tscn" type="PackedScene" id=14]
[ext_resource path="res://Resources/UI/greentheme.tres" type="Theme" id=15]

[node name="ArmsDealer" type="TabContainer"]
margin_right = 570.0
margin_bottom = 62.0
theme = ExtResource( 15 )
tab_align = 0
script = ExtResource( 1 )

[node name="Torpedos" type="VBoxContainer" parent="."]
visible = false
anchor_right = 1.0
anchor_bottom = 1.0
margin_left = 4.0
margin_top = 32.0
margin_right = -4.0
margin_bottom = -4.0
script = ExtResource( 3 )
TorpedoDealerOptionButtonPrefab = ExtResource( 4 )

[node name="HBoxContainer" type="HBoxContainer" parent="Torpedos"]
margin_right = 674.0
margin_bottom = 300.0
rect_min_size = Vector2( 562, 300 )

[node name="VendorVBoxContainer" type="VBoxContainer" parent="Torpedos/HBoxContainer"]
margin_right = 150.0
margin_bottom = 300.0
rect_min_size = Vector2( 150, 0 )

[node name="Label" type="Label" parent="Torpedos/HBoxContainer/VendorVBoxContainer"]
margin_right = 150.0
margin_bottom = 14.0
text = "Vendor Stock"
align = 1

[node name="ScrollContainer" type="ScrollContainer" parent="Torpedos/HBoxContainer/VendorVBoxContainer"]
margin_top = 18.0
margin_right = 150.0
margin_bottom = 300.0
size_flags_vertical = 3
scroll_horizontal_enabled = false

[node name="TorpedoOptionContainer" type="VBoxContainer" parent="Torpedos/HBoxContainer/VendorVBoxContainer/ScrollContainer"]
margin_right = 150.0
margin_bottom = 20.0
size_flags_horizontal = 3
__meta__ = {
"_edit_use_anchors_": false
}

[node name="TorpedoDealerOptionButton" parent="Torpedos/HBoxContainer/VendorVBoxContainer/ScrollContainer/TorpedoOptionContainer" instance=ExtResource( 4 )]

[node name="VSeparator" type="VSeparator" parent="Torpedos/HBoxContainer"]
margin_left = 154.0
margin_right = 158.0
margin_bottom = 300.0

[node name="TorpedoTubeVBoxContainer" type="VBoxContainer" parent="Torpedos/HBoxContainer"]
margin_left = 162.0
margin_right = 312.0
margin_bottom = 300.0
rect_min_size = Vector2( 150, 0 )

[node name="OptionButton" type="OptionButton" parent="Torpedos/HBoxContainer/TorpedoTubeVBoxContainer"]
margin_right = 150.0
margin_bottom = 20.0

[node name="ScrollContainer" type="ScrollContainer" parent="Torpedos/HBoxContainer/TorpedoTubeVBoxContainer"]
margin_top = 24.0
margin_right = 150.0
margin_bottom = 282.0
size_flags_vertical = 3
scroll_horizontal_enabled = false

[node name="TorpedoOptionContainer" type="VBoxContainer" parent="Torpedos/HBoxContainer/TorpedoTubeVBoxContainer/ScrollContainer"]
margin_right = 150.0
margin_bottom = 20.0
size_flags_horizontal = 3
__meta__ = {
"_edit_use_anchors_": false
}

[node name="TorpedoDealerOptionButton" type="Button" parent="Torpedos/HBoxContainer/TorpedoTubeVBoxContainer/ScrollContainer/TorpedoOptionContainer"]
margin_right = 150.0
margin_bottom = 20.0
focus_mode = 0
toggle_mode = true
enabled_focus_mode = 0
keep_pressed_outside = true
text = " Standard"
icon = ExtResource( 2 )

[node name="MagazineCapacityLabel" type="Label" parent="Torpedos/HBoxContainer/TorpedoTubeVBoxContainer"]
margin_top = 286.0
margin_right = 150.0
margin_bottom = 300.0
text = "0 / 7"
align = 1

[node name="VSeparator2" type="VSeparator" parent="Torpedos/HBoxContainer"]
margin_left = 316.0
margin_right = 320.0
margin_bottom = 300.0

[node name="VBoxContainer2" type="VBoxContainer" parent="Torpedos/HBoxContainer"]
margin_left = 324.0
margin_right = 674.0
margin_bottom = 300.0
rect_min_size = Vector2( 350, 300 )
size_flags_horizontal = 3

[node name="HBoxContainer" type="HBoxContainer" parent="Torpedos/HBoxContainer/VBoxContainer2"]
margin_right = 350.0
margin_bottom = 14.0

[node name="PickedTorpIcon" type="TextureRect" parent="Torpedos/HBoxContainer/VBoxContainer2/HBoxContainer"]
margin_right = 64.0
margin_bottom = 14.0
texture = ExtResource( 2 )

[node name="PickedTorpNameLabel" type="Label" parent="Torpedos/HBoxContainer/VBoxContainer2/HBoxContainer"]
margin_left = 68.0
margin_right = 350.0
margin_bottom = 14.0
size_flags_horizontal = 3
text = "Standard"

[node name="HBoxContainer2" type="HBoxContainer" parent="Torpedos/HBoxContainer/VBoxContainer2"]
margin_top = 18.0
margin_right = 350.0
margin_bottom = 32.0
size_flags_horizontal = 3

[node name="DamageLabel" type="Label" parent="Torpedos/HBoxContainer/VBoxContainer2/HBoxContainer2"]
margin_right = 173.0
margin_bottom = 14.0
size_flags_horizontal = 3
text = "Damage: $500"

[node name="PenetrationLabel" type="Label" parent="Torpedos/HBoxContainer/VBoxContainer2/HBoxContainer2"]
margin_left = 177.0
margin_right = 350.0
margin_bottom = 14.0
size_flags_horizontal = 3
text = "Armor Penetration: $50"

[node name="HBoxContainer4" type="HBoxContainer" parent="Torpedos/HBoxContainer/VBoxContainer2"]
margin_top = 36.0
margin_right = 350.0
margin_bottom = 50.0
size_flags_horizontal = 3

[node name="SpeedLabel" type="Label" parent="Torpedos/HBoxContainer/VBoxContainer2/HBoxContainer4"]
margin_right = 173.0
margin_bottom = 14.0
size_flags_horizontal = 3
text = "Speed: $500"

[node name="FuelTimeLabel" type="Label" parent="Torpedos/HBoxContainer/VBoxContainer2/HBoxContainer4"]
margin_left = 177.0
margin_right = 350.0
margin_bottom = 14.0
size_flags_horizontal = 3
text = "Fuel Time: $50"

[node name="HBoxContainer5" type="HBoxContainer" parent="Torpedos/HBoxContainer/VBoxContainer2"]
margin_top = 54.0
margin_right = 350.0
margin_bottom = 68.0

[node name="SizeLabel" type="Label" parent="Torpedos/HBoxContainer/VBoxContainer2/HBoxContainer5"]
margin_right = 173.0
margin_bottom = 14.0
size_flags_horizontal = 3
text = "Size: Medium"

[node name="CostLabel" type="Label" parent="Torpedos/HBoxContainer/VBoxContainer2/HBoxContainer5"]
margin_left = 177.0
margin_right = 350.0
margin_bottom = 14.0
size_flags_horizontal = 3
text = "Cost: $50,000"

[node name="Spacer0" type="Control" parent="Torpedos/HBoxContainer/VBoxContainer2"]
margin_top = 72.0
margin_right = 350.0
margin_bottom = 86.0
rect_min_size = Vector2( 0, 14 )

[node name="DescriptionLabel" type="Label" parent="Torpedos/HBoxContainer/VBoxContainer2"]
margin_top = 90.0
margin_right = 350.0
margin_bottom = 172.0
text = "Goods will be transferred to your hold upon acceptance. Deliver them to the specified station by the  specified time for your reward.

Deposit will be returned upon mission completion."
autowrap = true

[node name="Spacer1" type="Control" parent="Torpedos/HBoxContainer/VBoxContainer2"]
margin_top = 176.0
margin_right = 350.0
margin_bottom = 258.0
rect_min_size = Vector2( 0, 14 )
size_flags_vertical = 3

[node name="ErrorLabel" type="Label" parent="Torpedos/HBoxContainer/VBoxContainer2"]
modulate = Color( 1, 0, 0, 1 )
margin_top = 262.0
margin_right = 350.0
margin_bottom = 276.0

[node name="HBoxContainer3" type="HBoxContainer" parent="Torpedos/HBoxContainer/VBoxContainer2"]
margin_top = 280.0
margin_right = 350.0
margin_bottom = 300.0

[node name="BuyButton" type="Button" parent="Torpedos/HBoxContainer/VBoxContainer2/HBoxContainer3"]
margin_right = 36.0
margin_bottom = 20.0
text = "Buy"

[node name="SellButton" type="Button" parent="Torpedos/HBoxContainer/VBoxContainer2/HBoxContainer3"]
margin_left = 40.0
margin_right = 75.0
margin_bottom = 20.0
text = "Sell"

[node name="Minisubs" type="VBoxContainer" parent="."]
anchor_right = 1.0
anchor_bottom = 1.0
margin_left = 4.0
margin_top = 32.0
margin_right = -4.0
margin_bottom = -4.0
script = ExtResource( 13 )
__meta__ = {
"_edit_use_anchors_": false
}
MinisubVendorOptionButtonPrefab = ExtResource( 14 )

[node name="HBoxContainer" type="HBoxContainer" parent="Minisubs"]
margin_right = 674.0
margin_bottom = 300.0
rect_min_size = Vector2( 562, 300 )

[node name="VendorVBoxContainer" type="VBoxContainer" parent="Minisubs/HBoxContainer"]
margin_right = 150.0
margin_bottom = 300.0
rect_min_size = Vector2( 150, 0 )

[node name="VendorLabel" type="Label" parent="Minisubs/HBoxContainer/VendorVBoxContainer"]
margin_right = 150.0
margin_bottom = 14.0
text = "Available Minisubs"
align = 1

[node name="HSeparator" type="HSeparator" parent="Minisubs/HBoxContainer/VendorVBoxContainer"]
margin_top = 18.0
margin_right = 150.0
margin_bottom = 22.0

[node name="ScrollContainer" type="ScrollContainer" parent="Minisubs/HBoxContainer/VendorVBoxContainer"]
margin_top = 26.0
margin_right = 150.0
margin_bottom = 300.0
size_flags_vertical = 3
scroll_horizontal_enabled = false

[node name="MinisubOptionContainer" type="VBoxContainer" parent="Minisubs/HBoxContainer/VendorVBoxContainer/ScrollContainer"]
margin_right = 150.0
margin_bottom = 34.0
size_flags_horizontal = 3
__meta__ = {
"_edit_use_anchors_": false
}

[node name="MinisubVendorOptionButton2" parent="Minisubs/HBoxContainer/VendorVBoxContainer/ScrollContainer/MinisubOptionContainer" instance=ExtResource( 14 )]
margin_bottom = 34.0

[node name="VSeparator" type="VSeparator" parent="Minisubs/HBoxContainer"]
margin_left = 154.0
margin_right = 158.0
margin_bottom = 300.0

[node name="HangarVBoxContainer" type="VBoxContainer" parent="Minisubs/HBoxContainer"]
margin_left = 162.0
margin_right = 312.0
margin_bottom = 300.0
rect_min_size = Vector2( 150, 0 )

[node name="HangarLabel" type="Label" parent="Minisubs/HBoxContainer/HangarVBoxContainer"]
margin_right = 150.0
margin_bottom = 14.0
text = "Current Minisubs"
align = 1

[node name="HSeparator" type="HSeparator" parent="Minisubs/HBoxContainer/HangarVBoxContainer"]
margin_top = 18.0
margin_right = 150.0
margin_bottom = 22.0

[node name="ScrollContainer" type="ScrollContainer" parent="Minisubs/HBoxContainer/HangarVBoxContainer"]
margin_top = 26.0
margin_right = 150.0
margin_bottom = 300.0
size_flags_vertical = 3
scroll_horizontal_enabled = false

[node name="HangarOptionContainer" type="VBoxContainer" parent="Minisubs/HBoxContainer/HangarVBoxContainer/ScrollContainer"]
margin_right = 150.0
margin_bottom = 34.0
size_flags_horizontal = 3
__meta__ = {
"_edit_use_anchors_": false
}

[node name="MinisubVendorOptionButton" parent="Minisubs/HBoxContainer/HangarVBoxContainer/ScrollContainer/HangarOptionContainer" instance=ExtResource( 14 )]
margin_bottom = 34.0

[node name="VSeparator2" type="VSeparator" parent="Minisubs/HBoxContainer"]
margin_left = 316.0
margin_right = 320.0
margin_bottom = 300.0

[node name="VBoxContainer2" type="VBoxContainer" parent="Minisubs/HBoxContainer"]
margin_left = 324.0
margin_right = 674.0
margin_bottom = 300.0
rect_min_size = Vector2( 350, 300 )
size_flags_horizontal = 3

[node name="HBoxContainer" type="HBoxContainer" parent="Minisubs/HBoxContainer/VBoxContainer2"]
margin_right = 350.0
margin_bottom = 28.0
alignment = 1

[node name="MinisubIconRect" type="TextureRect" parent="Minisubs/HBoxContainer/VBoxContainer2/HBoxContainer"]
margin_left = 111.0
margin_right = 175.0
margin_bottom = 28.0
texture = ExtResource( 12 )

[node name="MinisubNameLabel" type="Label" parent="Minisubs/HBoxContainer/VBoxContainer2/HBoxContainer"]
margin_left = 179.0
margin_top = 7.0
margin_right = 238.0
margin_bottom = 21.0
text = "Protector"
align = 1

[node name="HBoxContainer0" type="HBoxContainer" parent="Minisubs/HBoxContainer/VBoxContainer2"]
margin_top = 32.0
margin_right = 350.0
margin_bottom = 46.0
size_flags_horizontal = 3

[node name="TurretsLabel" type="Label" parent="Minisubs/HBoxContainer/VBoxContainer2/HBoxContainer0"]
margin_right = 173.0
margin_bottom = 14.0
size_flags_horizontal = 3
text = "Guns: 2"

[node name="SpeedLabel" type="Label" parent="Minisubs/HBoxContainer/VBoxContainer2/HBoxContainer0"]
margin_left = 177.0
margin_right = 350.0
margin_bottom = 14.0
size_flags_horizontal = 3
text = "Top Speed: 45"

[node name="HBoxContainer1" type="HBoxContainer" parent="Minisubs/HBoxContainer/VBoxContainer2"]
margin_top = 50.0
margin_right = 350.0
margin_bottom = 64.0
size_flags_horizontal = 3

[node name="HealthLabel" type="Label" parent="Minisubs/HBoxContainer/VBoxContainer2/HBoxContainer1"]
margin_right = 173.0
margin_bottom = 14.0
size_flags_horizontal = 3
text = "Health: 50,000"

[node name="ArmorLabel" type="Label" parent="Minisubs/HBoxContainer/VBoxContainer2/HBoxContainer1"]
margin_left = 177.0
margin_right = 350.0
margin_bottom = 14.0
size_flags_horizontal = 3
text = "Armor: 5"
__meta__ = {
"_edit_use_anchors_": false
}

[node name="HBoxContainer4" type="HBoxContainer" parent="Minisubs/HBoxContainer/VBoxContainer2"]
margin_top = 68.0
margin_right = 350.0
margin_bottom = 82.0
size_flags_horizontal = 3
alignment = 1

[node name="TorpedoNameLabel" type="Label" parent="Minisubs/HBoxContainer/VBoxContainer2/HBoxContainer4"]
margin_left = 72.0
margin_right = 210.0
margin_bottom = 14.0
text = "2 Standard Torpedoes"

[node name="TorpedoIconRect" type="TextureRect" parent="Minisubs/HBoxContainer/VBoxContainer2/HBoxContainer4"]
margin_left = 214.0
margin_right = 278.0
margin_bottom = 14.0
texture = ExtResource( 2 )

[node name="HBoxContainer5" type="HBoxContainer" parent="Minisubs/HBoxContainer/VBoxContainer2"]
margin_top = 86.0
margin_right = 350.0
margin_bottom = 100.0
size_flags_horizontal = 3

[node name="BatteryLabel" type="Label" parent="Minisubs/HBoxContainer/VBoxContainer2/HBoxContainer5"]
margin_right = 173.0
margin_bottom = 14.0
size_flags_horizontal = 3
text = "Battery Time: 360"

[node name="CostLabel" type="Label" parent="Minisubs/HBoxContainer/VBoxContainer2/HBoxContainer5"]
margin_left = 177.0
margin_right = 350.0
margin_bottom = 14.0
size_flags_horizontal = 3
text = "Value: $50,000"

[node name="Spacer0" type="Control" parent="Minisubs/HBoxContainer/VBoxContainer2"]
margin_top = 104.0
margin_right = 350.0
margin_bottom = 118.0
rect_min_size = Vector2( 0, 14 )

[node name="DescriptionLabel" type="Label" parent="Minisubs/HBoxContainer/VBoxContainer2"]
margin_top = 122.0
margin_right = 350.0
margin_bottom = 204.0
text = "Goods will be transferred to your hold upon acceptance. Deliver them to the specified station by the  specified time for your reward.

Deposit will be returned upon mission completion."
autowrap = true

[node name="Spacer1" type="Control" parent="Minisubs/HBoxContainer/VBoxContainer2"]
margin_top = 208.0
margin_right = 350.0
margin_bottom = 258.0
rect_min_size = Vector2( 0, 14 )
size_flags_vertical = 3

[node name="ErrorLabel" type="Label" parent="Minisubs/HBoxContainer/VBoxContainer2"]
self_modulate = Color( 1, 0, 0, 1 )
margin_top = 262.0
margin_right = 350.0
margin_bottom = 276.0

[node name="HBoxContainer3" type="HBoxContainer" parent="Minisubs/HBoxContainer/VBoxContainer2"]
margin_top = 280.0
margin_right = 350.0
margin_bottom = 300.0

[node name="BuyButton" type="Button" parent="Minisubs/HBoxContainer/VBoxContainer2/HBoxContainer3"]
margin_right = 36.0
margin_bottom = 20.0
text = "Buy"

[node name="SellButton" type="Button" parent="Minisubs/HBoxContainer/VBoxContainer2/HBoxContainer3"]
margin_left = 40.0
margin_right = 75.0
margin_bottom = 20.0
text = "Sell"

[node name="Submarines" type="VBoxContainer" parent="."]
visible = false
anchor_right = 1.0
anchor_bottom = 1.0
margin_left = 4.0
margin_top = 32.0
margin_right = -4.0
margin_bottom = -4.0
script = ExtResource( 10 )
__meta__ = {
"_edit_use_anchors_": false
}
ModuleVendorScenePrefab = ExtResource( 5 )

[node name="HBoxContainer" type="HBoxContainer" parent="Submarines"]
margin_right = 562.0
margin_bottom = 300.0
rect_min_size = Vector2( 562, 300 )

[node name="CurrentLoadoutList" type="VBoxContainer" parent="Submarines/HBoxContainer"]
margin_right = 150.0
margin_bottom = 300.0
rect_min_size = Vector2( 150, 0 )

[node name="LoadoutLabel" type="Label" parent="Submarines/HBoxContainer/CurrentLoadoutList"]
margin_right = 150.0
margin_bottom = 14.0
text = "Current Loadout"
align = 1

[node name="HSeparator" type="HSeparator" parent="Submarines/HBoxContainer/CurrentLoadoutList"]
margin_top = 18.0
margin_right = 150.0
margin_bottom = 22.0

[node name="ScrollContainer" type="ScrollContainer" parent="Submarines/HBoxContainer/CurrentLoadoutList"]
margin_top = 26.0
margin_right = 150.0
margin_bottom = 300.0
size_flags_vertical = 3
scroll_horizontal_enabled = false

[node name="CurrentLoadoutContainer" type="VBoxContainer" parent="Submarines/HBoxContainer/CurrentLoadoutList/ScrollContainer"]
margin_right = 150.0
margin_bottom = 68.0
size_flags_horizontal = 3
__meta__ = {
"_edit_use_anchors_": false
}

[node name="Label" type="Label" parent="Submarines/HBoxContainer/CurrentLoadoutList/ScrollContainer/CurrentLoadoutContainer"]
margin_right = 150.0
margin_bottom = 14.0
text = "Hull Type"
align = 1

[node name="Label2" type="Label" parent="Submarines/HBoxContainer/CurrentLoadoutList/ScrollContainer/CurrentLoadoutContainer"]
margin_top = 18.0
margin_right = 150.0
margin_bottom = 32.0
text = "Stalwart"

[node name="Label3" type="Label" parent="Submarines/HBoxContainer/CurrentLoadoutList/ScrollContainer/CurrentLoadoutContainer"]
margin_top = 36.0
margin_right = 150.0
margin_bottom = 50.0
text = "Armor Type"
align = 1

[node name="Label4" type="Label" parent="Submarines/HBoxContainer/CurrentLoadoutList/ScrollContainer/CurrentLoadoutContainer"]
margin_top = 54.0
margin_right = 150.0
margin_bottom = 68.0
text = "Light Armor"

[node name="VSeparator" type="VSeparator" parent="Submarines/HBoxContainer"]
margin_left = 154.0
margin_right = 158.0
margin_bottom = 300.0

[node name="ModuleOptionList" type="VBoxContainer" parent="Submarines/HBoxContainer"]
margin_left = 162.0
margin_right = 312.0
margin_bottom = 300.0
rect_min_size = Vector2( 150, 0 )

[node name="LoadoutLabel" type="Label" parent="Submarines/HBoxContainer/ModuleOptionList"]
margin_right = 150.0
margin_bottom = 14.0
text = "Available Modules"
align = 1

[node name="HSeparator" type="HSeparator" parent="Submarines/HBoxContainer/ModuleOptionList"]
margin_top = 18.0
margin_right = 150.0
margin_bottom = 22.0

[node name="ScrollContainer" type="ScrollContainer" parent="Submarines/HBoxContainer/ModuleOptionList"]
margin_top = 26.0
margin_right = 150.0
margin_bottom = 276.0
size_flags_vertical = 3
scroll_horizontal_enabled = false

[node name="ModuleOptionContainer" type="VBoxContainer" parent="Submarines/HBoxContainer/ModuleOptionList/ScrollContainer"]
margin_right = 150.0
margin_bottom = 104.0
size_flags_horizontal = 3
__meta__ = {
"_edit_use_anchors_": false
}

[node name="Label" type="Label" parent="Submarines/HBoxContainer/ModuleOptionList/ScrollContainer/ModuleOptionContainer"]
margin_right = 150.0
margin_bottom = 14.0
text = "Armor Types"
align = 1

[node name="Label3" type="Label" parent="Submarines/HBoxContainer/ModuleOptionList/ScrollContainer/ModuleOptionContainer"]
margin_top = 18.0
margin_right = 150.0
margin_bottom = 32.0
text = "Light"

[node name="Label4" type="Label" parent="Submarines/HBoxContainer/ModuleOptionList/ScrollContainer/ModuleOptionContainer"]
margin_top = 36.0
margin_right = 150.0
margin_bottom = 50.0
text = "Medium"

[node name="Label2" type="Label" parent="Submarines/HBoxContainer/ModuleOptionList/ScrollContainer/ModuleOptionContainer"]
margin_top = 54.0
margin_right = 150.0
margin_bottom = 68.0
text = "Turrets"
align = 1

[node name="Label5" type="Label" parent="Submarines/HBoxContainer/ModuleOptionList/ScrollContainer/ModuleOptionContainer"]
margin_top = 72.0
margin_right = 150.0
margin_bottom = 86.0
text = "D12x1"

[node name="Label6" type="Label" parent="Submarines/HBoxContainer/ModuleOptionList/ScrollContainer/ModuleOptionContainer"]
margin_top = 90.0
margin_right = 150.0
margin_bottom = 104.0
text = "D12x2"

[node name="RefitButton" type="Button" parent="Submarines/HBoxContainer/ModuleOptionList"]
margin_top = 280.0
margin_right = 150.0
margin_bottom = 300.0
text = "Refit Submarine"

[node name="VSeparator3" type="VSeparator" parent="Submarines/HBoxContainer"]
margin_left = 316.0
margin_right = 320.0
margin_bottom = 300.0

[node name="VendorVBoxContainer" type="VBoxContainer" parent="Submarines/HBoxContainer"]
margin_left = 324.0
margin_right = 474.0
margin_bottom = 300.0
rect_min_size = Vector2( 150, 0 )

[node name="VendorLabel" type="Label" parent="Submarines/HBoxContainer/VendorVBoxContainer"]
margin_right = 150.0
margin_bottom = 14.0
text = "Available Hull Types"
align = 1

[node name="HSeparator" type="HSeparator" parent="Submarines/HBoxContainer/VendorVBoxContainer"]
margin_top = 18.0
margin_right = 150.0
margin_bottom = 22.0

[node name="ScrollContainer" type="ScrollContainer" parent="Submarines/HBoxContainer/VendorVBoxContainer"]
margin_top = 26.0
margin_right = 150.0
margin_bottom = 276.0
size_flags_vertical = 3
scroll_horizontal_enabled = false

[node name="HullOptionsContainer" type="VBoxContainer" parent="Submarines/HBoxContainer/VendorVBoxContainer/ScrollContainer"]
margin_right = 150.0
margin_bottom = 32.0
size_flags_horizontal = 3
__meta__ = {
"_edit_use_anchors_": false
}

[node name="Label" type="Label" parent="Submarines/HBoxContainer/VendorVBoxContainer/ScrollContainer/HullOptionsContainer"]
margin_right = 150.0
margin_bottom = 14.0
text = "Province"

[node name="Label2" type="Label" parent="Submarines/HBoxContainer/VendorVBoxContainer/ScrollContainer/HullOptionsContainer"]
margin_top = 18.0
margin_right = 150.0
margin_bottom = 32.0
text = "Republic"

[node name="BuyButton" type="Button" parent="Submarines/HBoxContainer/VendorVBoxContainer"]
margin_top = 280.0
margin_right = 150.0
margin_bottom = 300.0
text = "Buy New Submarine"

[node name="VSeparator2" type="VSeparator" parent="Submarines/HBoxContainer"]
margin_left = 478.0
margin_right = 482.0
margin_bottom = 300.0

[connection signal="item_selected" from="Torpedos/HBoxContainer/TorpedoTubeVBoxContainer/OptionButton" to="Torpedos" method="SetActiveTorpedoTube"]
[connection signal="pressed" from="Torpedos/HBoxContainer/VBoxContainer2/HBoxContainer3/BuyButton" to="Torpedos" method="BuyTorpedo"]
[connection signal="pressed" from="Torpedos/HBoxContainer/VBoxContainer2/HBoxContainer3/SellButton" to="Torpedos" method="SellTorpedo"]
[connection signal="pressed" from="Minisubs/HBoxContainer/VBoxContainer2/HBoxContainer3/BuyButton" to="Minisubs" method="BuyMinisub"]
[connection signal="pressed" from="Minisubs/HBoxContainer/VBoxContainer2/HBoxContainer3/SellButton" to="Minisubs" method="SellMinisub"]
[connection signal="pressed" from="Submarines/HBoxContainer/ModuleOptionList/RefitButton" to="Submarines" method="RefitSub"]
[connection signal="pressed" from="Submarines/HBoxContainer/VendorVBoxContainer/BuyButton" to="Submarines" method="BuyNewSub"]
