[gd_scene load_steps=7 format=2]

[ext_resource path="res://Scenes/UI/CommodityTrader.cs" type="Script" id=1]
[ext_resource path="res://Scenes/UI/CommodityTraderRow.tscn" type="PackedScene" id=2]
[ext_resource path="res://Textures/health_bar_back.png" type="Texture" id=3]
[ext_resource path="res://Textures/health_bar_bar.png" type="Texture" id=4]
[ext_resource path="res://Scenes/UI/MissionOptionButton.tscn" type="PackedScene" id=5]
[ext_resource path="res://Resources/UI/greentheme.tres" type="Theme" id=6]

[node name="CommodityTrader" type="TabContainer"]
margin_right = 613.0
margin_bottom = 62.0
theme = ExtResource( 6 )
tab_align = 0
script = ExtResource( 1 )
__meta__ = {
"_edit_use_anchors_": false
}
CommodityTraderRowPrefab = ExtResource( 2 )
MissionOptionButtonPrefab = ExtResource( 5 )

[node name="Delivery Jobs" type="VBoxContainer" parent="."]
anchor_right = 1.0
anchor_bottom = 1.0
margin_left = 4.0
margin_top = 32.0
margin_right = -4.0
margin_bottom = -4.0

[node name="HBoxContainer" type="HBoxContainer" parent="Delivery Jobs"]
margin_right = 612.0
margin_bottom = 300.0
rect_min_size = Vector2( 562, 300 )

[node name="VBoxContainer" type="VBoxContainer" parent="Delivery Jobs/HBoxContainer"]
margin_right = 250.0
margin_bottom = 300.0
rect_min_size = Vector2( 250, 0 )

[node name="HBoxContainer" type="HBoxContainer" parent="Delivery Jobs/HBoxContainer/VBoxContainer"]
margin_right = 250.0
margin_bottom = 20.0

[node name="Label" type="Label" parent="Delivery Jobs/HBoxContainer/VBoxContainer/HBoxContainer"]
margin_top = 3.0
margin_right = 52.0
margin_bottom = 17.0
text = "Sorting: "

[node name="SortDestinationButton" type="Button" parent="Delivery Jobs/HBoxContainer/VBoxContainer/HBoxContainer"]
margin_left = 56.0
margin_right = 151.0
margin_bottom = 20.0
focus_mode = 0
size_flags_horizontal = 3
toggle_mode = true
enabled_focus_mode = 0
text = "Destination"

[node name="SortRewardButton" type="Button" parent="Delivery Jobs/HBoxContainer/VBoxContainer/HBoxContainer"]
margin_left = 155.0
margin_right = 250.0
margin_bottom = 20.0
focus_mode = 0
size_flags_horizontal = 3
toggle_mode = true
pressed = true
enabled_focus_mode = 0
text = "Reward"

[node name="HBoxContainer3" type="HBoxContainer" parent="Delivery Jobs/HBoxContainer/VBoxContainer"]
margin_top = 24.0
margin_right = 250.0
margin_bottom = 44.0

[node name="Label" type="Label" parent="Delivery Jobs/HBoxContainer/VBoxContainer/HBoxContainer3"]
margin_top = 3.0
margin_right = 41.0
margin_bottom = 17.0
text = "Filter: "

[node name="FilterSmugglingButton" type="Button" parent="Delivery Jobs/HBoxContainer/VBoxContainer/HBoxContainer3"]
margin_left = 45.0
margin_right = 122.0
margin_bottom = 20.0
focus_mode = 0
toggle_mode = true
pressed = true
enabled_focus_mode = 0
text = "Smuggling"

[node name="FilterValidButton" type="Button" parent="Delivery Jobs/HBoxContainer/VBoxContainer/HBoxContainer3"]
margin_left = 126.0
margin_right = 209.0
margin_bottom = 20.0
focus_mode = 0
toggle_mode = true
pressed = true
enabled_focus_mode = 0
text = "Can Accept"

[node name="HBoxContainer4" type="HBoxContainer" parent="Delivery Jobs/HBoxContainer/VBoxContainer"]
margin_top = 48.0
margin_right = 250.0
margin_bottom = 68.0

[node name="FilterDestinationButton" type="OptionButton" parent="Delivery Jobs/HBoxContainer/VBoxContainer/HBoxContainer4"]
margin_right = 123.0
margin_bottom = 20.0
size_flags_horizontal = 3

[node name="FilterFactionButton" type="OptionButton" parent="Delivery Jobs/HBoxContainer/VBoxContainer/HBoxContainer4"]
margin_left = 127.0
margin_right = 250.0
margin_bottom = 20.0
size_flags_horizontal = 3

[node name="HSeparator" type="HSeparator" parent="Delivery Jobs/HBoxContainer/VBoxContainer"]
margin_top = 72.0
margin_right = 250.0
margin_bottom = 76.0

[node name="ScrollContainer" type="ScrollContainer" parent="Delivery Jobs/HBoxContainer/VBoxContainer"]
margin_top = 80.0
margin_right = 250.0
margin_bottom = 282.0
size_flags_vertical = 3

[node name="MissionButtonContainer" type="VBoxContainer" parent="Delivery Jobs/HBoxContainer/VBoxContainer/ScrollContainer"]
margin_right = 250.0
margin_bottom = 40.0
size_flags_horizontal = 3
__meta__ = {
"_edit_use_anchors_": false
}

[node name="MissionOptionButton" parent="Delivery Jobs/HBoxContainer/VBoxContainer/ScrollContainer/MissionButtonContainer" instance=ExtResource( 5 )]
margin_right = 250.0

[node name="HBoxContainer2" type="HBoxContainer" parent="Delivery Jobs/HBoxContainer/VBoxContainer"]
margin_top = 286.0
margin_right = 250.0
margin_bottom = 300.0

[node name="Label" type="Label" parent="Delivery Jobs/HBoxContainer/VBoxContainer/HBoxContainer2"]
margin_right = 67.0
margin_bottom = 14.0
text = "Your Cargo"

[node name="CargoProgress" type="TextureProgress" parent="Delivery Jobs/HBoxContainer/VBoxContainer/HBoxContainer2"]
margin_left = 71.0
margin_right = 135.0
margin_bottom = 14.0
value = 25.0
texture_under = ExtResource( 3 )
texture_progress = ExtResource( 4 )
__meta__ = {
"_edit_use_anchors_": false
}

[node name="VSeparator" type="VSeparator" parent="Delivery Jobs/HBoxContainer"]
margin_left = 254.0
margin_right = 258.0
margin_bottom = 300.0

[node name="VBoxContainer2" type="VBoxContainer" parent="Delivery Jobs/HBoxContainer"]
margin_left = 262.0
margin_right = 612.0
margin_bottom = 300.0
rect_min_size = Vector2( 350, 300 )
size_flags_horizontal = 3

[node name="MissionTitleLabel" type="Label" parent="Delivery Jobs/HBoxContainer/VBoxContainer2"]
margin_right = 350.0
margin_bottom = 14.0
text = "This is the title of the mission"

[node name="ForFactionLabel" type="Label" parent="Delivery Jobs/HBoxContainer/VBoxContainer2"]
margin_top = 18.0
margin_right = 350.0
margin_bottom = 32.0
text = "for Interspace Commerce"

[node name="HBoxContainer" type="HBoxContainer" parent="Delivery Jobs/HBoxContainer/VBoxContainer2"]
margin_top = 36.0
margin_right = 350.0
margin_bottom = 50.0

[node name="CommodityLabel" type="Label" parent="Delivery Jobs/HBoxContainer/VBoxContainer2/HBoxContainer"]
margin_right = 173.0
margin_bottom = 14.0
size_flags_horizontal = 3
text = "Amount: 500 u"

[node name="AmountLabel" type="Label" parent="Delivery Jobs/HBoxContainer/VBoxContainer2/HBoxContainer"]
margin_left = 177.0
margin_right = 350.0
margin_bottom = 14.0
size_flags_horizontal = 3
text = "Amount: 500 u"

[node name="HBoxContainer2" type="HBoxContainer" parent="Delivery Jobs/HBoxContainer/VBoxContainer2"]
margin_top = 54.0
margin_right = 350.0
margin_bottom = 68.0
size_flags_horizontal = 3

[node name="RewardLabel" type="Label" parent="Delivery Jobs/HBoxContainer/VBoxContainer2/HBoxContainer2"]
margin_right = 173.0
margin_bottom = 14.0
size_flags_horizontal = 3
text = "Reward: $500"

[node name="DepositLabel" type="Label" parent="Delivery Jobs/HBoxContainer/VBoxContainer2/HBoxContainer2"]
margin_left = 177.0
margin_right = 350.0
margin_bottom = 14.0
size_flags_horizontal = 3
text = "Deposit: $50"

[node name="DurationLabel" type="Label" parent="Delivery Jobs/HBoxContainer/VBoxContainer2"]
margin_top = 72.0
margin_right = 350.0
margin_bottom = 86.0
text = "Duration:"

[node name="Spacer0" type="Control" parent="Delivery Jobs/HBoxContainer/VBoxContainer2"]
margin_top = 90.0
margin_right = 350.0
margin_bottom = 104.0
rect_min_size = Vector2( 0, 14 )

[node name="RulesLabel" type="Label" parent="Delivery Jobs/HBoxContainer/VBoxContainer2"]
margin_top = 108.0
margin_right = 350.0
margin_bottom = 190.0
text = "Goods will be transferred to your hold upon acceptance. Deliver them to the specified station by the  specified time for your reward.

Deposit will be returned upon mission completion."
autowrap = true

[node name="SmugglingWarningLabel" type="Label" parent="Delivery Jobs/HBoxContainer/VBoxContainer2"]
modulate = Color( 1, 0.501961, 0, 1 )
margin_top = 194.0
margin_right = 350.0
margin_bottom = 208.0

[node name="HostilityWarningLabel" type="Label" parent="Delivery Jobs/HBoxContainer/VBoxContainer2"]
modulate = Color( 1, 0, 0, 1 )
margin_top = 212.0
margin_right = 350.0
margin_bottom = 226.0

[node name="Spacer1" type="Control" parent="Delivery Jobs/HBoxContainer/VBoxContainer2"]
margin_top = 230.0
margin_right = 350.0
margin_bottom = 276.0
rect_min_size = Vector2( 0, 14 )
size_flags_vertical = 3

[node name="HBoxContainer3" type="HBoxContainer" parent="Delivery Jobs/HBoxContainer/VBoxContainer2"]
margin_top = 280.0
margin_right = 350.0
margin_bottom = 300.0

[node name="AcceptButton" type="Button" parent="Delivery Jobs/HBoxContainer/VBoxContainer2/HBoxContainer3"]
margin_right = 56.0
margin_bottom = 20.0
text = "Accept"

[node name="Deliver Button" type="Button" parent="Delivery Jobs/HBoxContainer/VBoxContainer2/HBoxContainer3"]
margin_left = 60.0
margin_right = 118.0
margin_bottom = 20.0
text = "Deliver"

[node name="Commodity Market" type="VBoxContainer" parent="."]
visible = false
anchor_right = 1.0
anchor_bottom = 1.0
margin_left = 4.0
margin_top = 32.0
margin_right = -4.0
margin_bottom = -4.0
__meta__ = {
"_edit_use_anchors_": false
}

[node name="HeaderRow" type="HBoxContainer" parent="Commodity Market"]
margin_right = 635.0
margin_bottom = 14.0

[node name="NameLabel" type="Label" parent="Commodity Market/HeaderRow"]
margin_right = 80.0
margin_bottom = 14.0
rect_min_size = Vector2( 80, 0 )
text = "Commodity"
align = 1

[node name="TradeSpacer2" type="Control" parent="Commodity Market/HeaderRow"]
margin_left = 84.0
margin_right = 130.0
margin_bottom = 14.0
rect_min_size = Vector2( 46, 0 )

[node name="StockpileLabel" type="Label" parent="Commodity Market/HeaderRow"]
margin_left = 134.0
margin_right = 198.0
margin_bottom = 14.0
rect_min_size = Vector2( 64, 0 )
text = "Stockpile"
align = 1

[node name="PriceLabel" type="Label" parent="Commodity Market/HeaderRow"]
margin_left = 202.0
margin_right = 252.0
margin_bottom = 14.0
rect_min_size = Vector2( 50, 0 )
text = "Price"
align = 1

[node name="ExportsLabel" type="Label" parent="Commodity Market/HeaderRow"]
margin_left = 256.0
margin_right = 346.0
margin_bottom = 14.0
rect_min_size = Vector2( 90, 0 )
text = "Exports To"
align = 1

[node name="ImportsLabel" type="Label" parent="Commodity Market/HeaderRow"]
margin_left = 350.0
margin_right = 440.0
margin_bottom = 14.0
rect_min_size = Vector2( 90, 0 )
text = "Imports From"
align = 1

[node name="TradeSpacer1" type="Control" parent="Commodity Market/HeaderRow"]
margin_left = 444.0
margin_right = 563.0
margin_bottom = 14.0
rect_min_size = Vector2( 119, 0 )

[node name="CargoLabel" type="Label" parent="Commodity Market/HeaderRow"]
margin_left = 567.0
margin_right = 635.0
margin_bottom = 14.0
rect_min_size = Vector2( 64, 0 )
text = "Own Cargo"
align = 1

[node name="HSeparator" type="HSeparator" parent="Commodity Market"]
margin_top = 18.0
margin_right = 635.0
margin_bottom = 22.0

[node name="ScrollContainer" type="ScrollContainer" parent="Commodity Market"]
margin_top = 26.0
margin_right = 635.0
margin_bottom = 300.0
rect_min_size = Vector2( 0, 274 )
size_flags_horizontal = 3
size_flags_vertical = 3
scroll_horizontal_enabled = false
__meta__ = {
"_edit_use_anchors_": false
}

[node name="VBoxContainer" type="VBoxContainer" parent="Commodity Market/ScrollContainer"]
margin_right = 635.0
margin_bottom = 274.0
rect_min_size = Vector2( 0, 274 )
size_flags_horizontal = 3

[connection signal="pressed" from="Delivery Jobs/HBoxContainer/VBoxContainer/HBoxContainer/SortDestinationButton" to="." method="SortMissionsByDestination"]
[connection signal="pressed" from="Delivery Jobs/HBoxContainer/VBoxContainer/HBoxContainer/SortRewardButton" to="." method="SortMissionsByReward"]
[connection signal="pressed" from="Delivery Jobs/HBoxContainer/VBoxContainer/HBoxContainer3/FilterSmugglingButton" to="." method="RefreshMissionFilters"]
[connection signal="pressed" from="Delivery Jobs/HBoxContainer/VBoxContainer/HBoxContainer3/FilterValidButton" to="." method="RefreshMissionFilters"]
[connection signal="item_selected" from="Delivery Jobs/HBoxContainer/VBoxContainer/HBoxContainer4/FilterDestinationButton" to="." method="SetDestinationFilter"]
[connection signal="item_selected" from="Delivery Jobs/HBoxContainer/VBoxContainer/HBoxContainer4/FilterFactionButton" to="." method="SetFactionFilter"]
[connection signal="pressed" from="Delivery Jobs/HBoxContainer/VBoxContainer2/HBoxContainer3/AcceptButton" to="." method="AcceptCurrentMission"]
[connection signal="pressed" from="Delivery Jobs/HBoxContainer/VBoxContainer2/HBoxContainer3/Deliver Button" to="." method="DeliverCurrentMission"]
