[gd_scene load_steps=6 format=2]

[ext_resource path="res://Assets/Sound/notification.ogg" type="AudioStream" id=1]
[ext_resource path="res://Scenes/UI/IntroSplash.cs" type="Script" id=2]
[ext_resource path="res://Resources/UI/greentheme.tres" type="Theme" id=3]

[sub_resource type="InputEventAction" id=3]
action = "ui_cancel"

[sub_resource type="ShortCut" id=2]
shortcut = SubResource( 3 )

[node name="IntroSplash" type="Control"]
anchor_right = 1.0
anchor_bottom = 1.0
theme = ExtResource( 3 )
script = ExtResource( 2 )

[node name="Panel" type="Panel" parent="."]
anchor_right = 1.0
anchor_bottom = 1.0
theme = ExtResource( 3 )

[node name="VBoxContainer" type="VBoxContainer" parent="."]
anchor_left = 0.5
anchor_top = 0.5
anchor_right = 0.5
anchor_bottom = 0.5
margin_left = -99.0
margin_top = -58.0
margin_right = 98.0
margin_bottom = 58.0
custom_constants/separation = 20
alignment = 1
__meta__ = {
"_edit_use_anchors_": false
}

[node name="Label0" type="Label" parent="VBoxContainer"]
margin_right = 197.0
margin_bottom = 14.0
text = "Stalwart class Armed Transport"
__meta__ = {
"_edit_use_anchors_": false
}

[node name="Label1" type="Label" parent="VBoxContainer"]
margin_top = 34.0
margin_right = 197.0
margin_bottom = 48.0
text = "19 km East of Northburg"
__meta__ = {
"_edit_use_anchors_": false
}

[node name="Label2" type="Label" parent="VBoxContainer"]
margin_top = 68.0
margin_right = 197.0
margin_bottom = 82.0
text = "Depth: 2,300 meters"
__meta__ = {
"_edit_use_anchors_": false
}

[node name="Label3" type="Label" parent="VBoxContainer"]
margin_top = 102.0
margin_right = 197.0
margin_bottom = 116.0
text = "Destination: Unknown"
__meta__ = {
"_edit_use_anchors_": false
}

[node name="AudioStreamPlayer" type="AudioStreamPlayer" parent="."]
stream = ExtResource( 1 )

[node name="Button" type="Button" parent="."]
anchor_left = 0.5
anchor_top = 1.0
anchor_right = 0.5
anchor_bottom = 1.0
margin_left = -19.0
margin_top = 3.0
margin_right = 19.0
margin_bottom = 23.0
shortcut_in_tooltip = false
shortcut = SubResource( 2 )
text = "Skip"

[connection signal="pressed" from="Button" to="." method="Skip"]
