[gd_scene load_steps=5 format=2]

[ext_resource path="res://Scenes/UI/SaveLoadPopup.cs" type="Script" id=1]
[ext_resource path="res://Resources/UI/greentheme.tres" type="Theme" id=2]

[sub_resource type="InputEventAction" id=23]
action = "ui_cancel"

[sub_resource type="ShortCut" id=24]
shortcut = SubResource( 23 )

[node name="SaveLoadPopup" type="PopupPanel"]
visible = true
anchor_left = 0.5
anchor_top = 0.5
anchor_right = 0.5
anchor_bottom = 0.5
margin_left = -239.0
margin_top = -92.0
margin_right = 241.0
margin_bottom = 93.0
grow_horizontal = 2
grow_vertical = 2
theme = ExtResource( 2 )
popup_exclusive = true
script = ExtResource( 1 )

[node name="VBoxContainer" type="VBoxContainer" parent="."]
margin_left = 4.0
margin_top = 4.0
margin_right = 476.0
margin_bottom = 181.0
__meta__ = {
"_edit_use_anchors_": false
}

[node name="TitleLabel" type="Label" parent="VBoxContainer"]
margin_right = 472.0
margin_bottom = 14.0
text = "Save Game"
align = 1

[node name="HBoxContainer" type="HBoxContainer" parent="VBoxContainer"]
margin_top = 18.0
margin_right = 472.0
margin_bottom = 168.0

[node name="Control" type="Control" parent="VBoxContainer/HBoxContainer"]
margin_right = 5.0
margin_bottom = 150.0
rect_min_size = Vector2( 5, 0 )

[node name="VBoxContainer2" type="VBoxContainer" parent="VBoxContainer/HBoxContainer"]
margin_left = 9.0
margin_right = 159.0
margin_bottom = 150.0
rect_min_size = Vector2( 0, 150 )

[node name="ItemList" type="ItemList" parent="VBoxContainer/HBoxContainer/VBoxContainer2"]
margin_right = 150.0
margin_bottom = 150.0
rect_min_size = Vector2( 150, 100 )
size_flags_vertical = 3

[node name="VBoxContainer" type="VBoxContainer" parent="VBoxContainer/HBoxContainer"]
margin_left = 163.0
margin_right = 463.0
margin_bottom = 150.0
rect_min_size = Vector2( 300, 150 )

[node name="NameEdit" type="LineEdit" parent="VBoxContainer/HBoxContainer/VBoxContainer"]
margin_right = 300.0
margin_bottom = 24.0

[node name="LastPlayedLabel" type="Label" parent="VBoxContainer/HBoxContainer/VBoxContainer"]
margin_top = 28.0
margin_right = 300.0
margin_bottom = 42.0
text = "Last Played"

[node name="HSeparator" type="HSeparator" parent="VBoxContainer/HBoxContainer/VBoxContainer"]
margin_top = 46.0
margin_right = 300.0
margin_bottom = 50.0

[node name="SubLabel" type="Label" parent="VBoxContainer/HBoxContainer/VBoxContainer"]
margin_top = 54.0
margin_right = 300.0
margin_bottom = 68.0
text = "Sub:"

[node name="LocationLabel" type="Label" parent="VBoxContainer/HBoxContainer/VBoxContainer"]
margin_top = 72.0
margin_right = 300.0
margin_bottom = 86.0
text = "Location:"

[node name="MoneyLabel" type="Label" parent="VBoxContainer/HBoxContainer/VBoxContainer"]
margin_top = 90.0
margin_right = 300.0
margin_bottom = 104.0
text = "Money:"

[node name="GameDateLabel" type="Label" parent="VBoxContainer/HBoxContainer/VBoxContainer"]
margin_top = 108.0
margin_right = 300.0
margin_bottom = 122.0
text = "Date:"

[node name="Control" type="Control" parent="VBoxContainer/HBoxContainer/VBoxContainer"]
margin_top = 126.0
margin_right = 300.0
margin_bottom = 126.0
size_flags_vertical = 3

[node name="HBoxContainer" type="HBoxContainer" parent="VBoxContainer/HBoxContainer/VBoxContainer"]
margin_top = 130.0
margin_right = 300.0
margin_bottom = 150.0

[node name="SaveLoadButton" type="Button" parent="VBoxContainer/HBoxContainer/VBoxContainer/HBoxContainer"]
margin_right = 42.0
margin_bottom = 20.0
text = "Load"

[node name="DeleteButton" type="Button" parent="VBoxContainer/HBoxContainer/VBoxContainer/HBoxContainer"]
margin_left = 46.0
margin_right = 101.0
margin_bottom = 20.0
text = "Delete"

[node name="Control" type="Control" parent="VBoxContainer/HBoxContainer/VBoxContainer/HBoxContainer"]
margin_left = 105.0
margin_right = 242.0
margin_bottom = 20.0
size_flags_horizontal = 3

[node name="CancelButton" type="Button" parent="VBoxContainer/HBoxContainer/VBoxContainer/HBoxContainer"]
margin_left = 246.0
margin_right = 300.0
margin_bottom = 20.0
shortcut_in_tooltip = false
shortcut = SubResource( 24 )
text = "Cancel"

[node name="Control2" type="Control" parent="VBoxContainer/HBoxContainer"]
margin_left = 467.0
margin_right = 472.0
margin_bottom = 150.0
rect_min_size = Vector2( 5, 0 )

[node name="Control3" type="Control" parent="VBoxContainer"]
margin_top = 172.0
margin_right = 472.0
margin_bottom = 177.0
rect_min_size = Vector2( 5, 5 )

[connection signal="item_selected" from="VBoxContainer/HBoxContainer/VBoxContainer2/ItemList" to="." method="OnFileSelected"]
[connection signal="pressed" from="VBoxContainer/HBoxContainer/VBoxContainer/HBoxContainer/SaveLoadButton" to="." method="SaveLoad"]
[connection signal="pressed" from="VBoxContainer/HBoxContainer/VBoxContainer/HBoxContainer/DeleteButton" to="." method="Delete"]
[connection signal="pressed" from="VBoxContainer/HBoxContainer/VBoxContainer/HBoxContainer/CancelButton" to="." method="Cancel"]
