[gd_resource type="Resource" load_steps=14 format=2]

[ext_resource path="res://Resources/Equipment/Modules/Launchers/TorpedoLauncherModuleType.cs" type="Script" id=1]
[ext_resource path="res://Resources/Simulation/Factions/f_Cartel.tres" type="Resource" id=2]
[ext_resource path="res://Resources/Simulation/Factions/f_Blackreef.tres" type="Resource" id=3]
[ext_resource path="res://Resources/Simulation/Factions/Hudson/f_Hudson.tres" type="Resource" id=4]
[ext_resource path="res://Resources/Simulation/Factions/Hudson/f_Liberte.tres" type="Resource" id=5]
[ext_resource path="res://Resources/Simulation/Factions/Hudson/f_Bastion.tres" type="Resource" id=6]
[ext_resource path="res://Resources/Simulation/Factions/Hudson/f_Delve.tres" type="Resource" id=7]
[ext_resource path="res://Resources/Simulation/Factions/Hudson/f_Nerva.tres" type="Resource" id=8]
[ext_resource path="res://Resources/Simulation/Factions/Hudson/f_Northburg.tres" type="Resource" id=9]
[ext_resource path="res://Resources/Simulation/Factions/Hudson/f_Newhome.tres" type="Resource" id=10]
[ext_resource path="res://Resources/Simulation/Factions/Novarus/f_NDF.tres" type="Resource" id=11]
[ext_resource path="res://Resources/Simulation/Factions/Novarus/f_Novarus.tres" type="Resource" id=12]
[ext_resource path="res://Resources/Simulation/Factions/f_Redreef.tres" type="Resource" id=13]

[resource]
script = ExtResource( 1 )
ModuleTypeId = "TorpedoBox8"
Category = 1
Name = "Box 8 Launcher"
Description = "A small torpedo launcher, holding 8 weapons."
Volume = 480.0
Value = 0.0
IndustrialNeed = 0.0
MilitaryNeed = 0.6
Operators = [ ExtResource( 3 ), ExtResource( 2 ), ExtResource( 4 ), ExtResource( 5 ), ExtResource( 6 ), ExtResource( 7 ), ExtResource( 8 ), ExtResource( 10 ), ExtResource( 9 ), ExtResource( 13 ), ExtResource( 11 ), ExtResource( 12 ) ]
CombatThreat = 480.0
ReputationRequired = 10.0
MagazineCapacity = 8
MaximumTorpedoSize = 2
ReloadTime = 30.0
