[gd_resource type="Resource" load_steps=18 format=2]

[ext_resource path="res://Resources/Equipment/Torpedoes/DirkTorpedo.tres" type="Resource" id=1]
[ext_resource path="res://Resources/Equipment/Minisubs/MinisubType.cs" type="Script" id=2]
[ext_resource path="res://Scenes/Interaction/DefaultMinisubController.tscn" type="PackedScene" id=3]
[ext_resource path="res://Scenes/Effects/inhangar_finch.tscn" type="PackedScene" id=4]
[ext_resource path="res://Resources/Equipment/Modules/Engines/MiniEngSparrow.tres" type="Resource" id=5]
[ext_resource path="res://Textures/sub_finch.png" type="Texture" id=6]
[ext_resource path="res://Resources/Equipment/Armor/ArmorSleek.tres" type="Resource" id=7]
[ext_resource path="res://Resources/Equipment/Modules/Sonars/MinisonarFinch.tres" type="Resource" id=8]
[ext_resource path="res://Resources/Equipment/SubHulls/MinisubhullFinch.tres" type="Resource" id=9]
[ext_resource path="res://Resources/Equipment/Modules/Launchers/TorpedoMini2.tres" type="Resource" id=10]
[ext_resource path="res://Resources/Simulation/Factions/f_Cartel.tres" type="Resource" id=11]
[ext_resource path="res://Resources/Simulation/Factions/Hudson/f_Hudson.tres" type="Resource" id=12]
[ext_resource path="res://Resources/Simulation/Factions/Hudson/f_Bastion.tres" type="Resource" id=13]
[ext_resource path="res://Resources/Simulation/Factions/Hudson/f_Delve.tres" type="Resource" id=14]
[ext_resource path="res://Resources/Simulation/Factions/Hudson/f_Nerva.tres" type="Resource" id=15]
[ext_resource path="res://Resources/Simulation/Factions/Hudson/f_Northburg.tres" type="Resource" id=16]
[ext_resource path="res://Resources/Simulation/Factions/Hudson/f_Newhome.tres" type="Resource" id=17]

[resource]
script = ExtResource( 2 )
HullType = ExtResource( 9 )
ArmorType = ExtResource( 7 )
EngineModule = ExtResource( 5 )
SonarModule = ExtResource( 8 )
LauncherModules = [ ExtResource( 10 ) ]
TurretModules = [  ]
HangarModules = [  ]
OtherModules = [  ]
DiveTeams = [  ]
TorpedoesPerTube = [ ExtResource( 1 ) ]
Minisubs = [  ]
Icon = ExtResource( 6 )
Name = "\"Finch\" Minisub"
Description = "The Finch is a minisub designed primarily for scouting, it's fast,  manuverable and equipped with an advanced sonar system, but only armed with a single small torpedo launcher."
Value = 30000
DockedModelPrefab = ExtResource( 4 )
MaxCharge = 960.0
ControllerPrefab = ExtResource( 3 )
IndustrialNeed = 0.5
MilitaryNeed = 0.0
Operators = [ ExtResource( 11 ), ExtResource( 12 ), ExtResource( 13 ), ExtResource( 14 ), ExtResource( 15 ), ExtResource( 17 ), ExtResource( 16 ) ]
ReputationRequired = 0.0
