[gd_scene load_steps=15 format=2]

[ext_resource path="res://Scenes/Worldgen/StationTerrainPreview.tscn" type="PackedScene" id=1]
[ext_resource path="res://Resources/Equipment/Modules/Launchers/TorpedoBox6.tres" type="Resource" id=2]
[ext_resource path="res://Scenes/Parts/StationBridge.tscn" type="PackedScene" id=3]
[ext_resource path="res://Resources/Equipment/Torpedoes/JavelinTorpedo.tres" type="Resource" id=4]
[ext_resource path="res://Scenes/Stations/Other/DockingTower.tscn" type="PackedScene" id=5]
[ext_resource path="res://Scenes/Stations/Other/FarmPlot.tscn" type="PackedScene" id=6]
[ext_resource path="res://Resources/Equipment/Modules/Turrets/TurretD12x1.tres" type="Resource" id=7]
[ext_resource path="res://Scenes/Effects/LeakBubbles.tscn" type="PackedScene" id=8]
[ext_resource path="res://Scenes/Stations/Other/DefenseTower.tscn" type="PackedScene" id=9]
[ext_resource path="res://Scenes/Parts/ns_cap.tscn" type="PackedScene" id=10]
[ext_resource path="res://Scenes/Parts/ns_blank.tscn" type="PackedScene" id=11]
[ext_resource path="res://Scenes/Stations/Other/DefenseTower.cs" type="Script" id=12]
[ext_resource path="res://Assets/Materials/land_material.tres" type="Material" id=26]
[ext_resource path="res://addons/XenoPath/StationBuilderPreview.cs" type="Script" id=70]

[node name="StationbuilderTest" type="Spatial"]

[node name="StationTerrainPreview" parent="." instance=ExtResource( 1 )]
Latitude = 17.189
Longitude = 116.95
FloorMaterial = ExtResource( 26 )

[node name="StationBuilderPreview" type="Spatial" parent="."]
script = ExtResource( 70 )
Latitude = 17.189
Longitude = 116.95
ModuleCount = 35
GridSpacing = 100.0
Shape = 1
LayoutType = 1
SectionPrefab = ExtResource( 11 )
CapPrefab = ExtResource( 10 )
SectionHeight = 25.0
GroundSlopeTolerance = 100.0
BridgePrefab = ExtResource( 3 )
BridgeLength = 20.0
TradeSourceLatitude = 2.865
TradeSourceLongitude = 127.643
DockingTowerPrefab = ExtResource( 5 )
DockingTowers = 4
DefenseTowerPrefab = ExtResource( 9 )
DefenseTowerCount = 5
DefenseTowerDistance = 100.0
FarmPlotSize = 100.0
PlantSpacing = 5.0
FarmPlotPrefab = ExtResource( 6 )

[node name="StationCenter" type="Spatial" parent="StationBuilderPreview"]
transform = Transform( 1, 0, 0, 0, 1, 0, 0, 0, 1, 1202.39, -820.695, -2364.92 )

[node name="Tower" type="Spatial" parent="StationBuilderPreview"]
transform = Transform( -0.891402, 0.133935, 0.43297, 0, 0.955335, -0.295525, -0.453213, -0.263431, -0.851588, 1218.48, -831.676, -2396.58 )

[node name="ns_blank" type="Spatial" parent="StationBuilderPreview/Tower" instance=ExtResource( 11 )]
transform = Transform( -1, 0, 0, 0, 0, -1, 0, -1, 0, 0, 0, 0 )

[node name="ns_blank2" type="Spatial" parent="StationBuilderPreview/Tower" instance=ExtResource( 11 )]
transform = Transform( -1, 0, 0, 0, 0, -1, 0, -1, 0, 0, 0, -25 )

[node name="ns_blank3" type="Spatial" parent="StationBuilderPreview/Tower" instance=ExtResource( 11 )]
transform = Transform( -1, 0, 0, 0, 0, -1, 0, -1, 0, 0, 0, -50 )

[node name="ns_blank4" type="Spatial" parent="StationBuilderPreview/Tower" instance=ExtResource( 11 )]
transform = Transform( -1, 0, 0, 0, 0, -1, 0, -1, 0, 0, 0, -75 )

[node name="ns_blank5" type="Spatial" parent="StationBuilderPreview/Tower" instance=ExtResource( 11 )]
transform = Transform( -1, 0, 0, 0, 0, -1, 0, -1, 0, 0, 0, -100 )

[node name="ns_blank6" type="Spatial" parent="StationBuilderPreview/Tower" instance=ExtResource( 11 )]
transform = Transform( -1, 0, 0, 0, 0, -1, 0, -1, 0, 0, 0, -125 )

[node name="ns_cap" type="Spatial" parent="StationBuilderPreview/Tower" instance=ExtResource( 10 )]
transform = Transform( -1, 0, 0, 0, 0, -1, 0, -1, 0, 0, 0, -150 )

[node name="Bridge" type="Spatial" parent="StationBuilderPreview/Tower"]
transform = Transform( -1, 8.74228e-08, -3.82137e-15, 0, -4.37114e-08, -1, -8.74228e-08, -1, 4.37114e-08, 0.000488281, -0.000610352, -17.3572 )

[node name="StationBridge" type="Spatial" parent="StationBuilderPreview/Tower/Bridge" instance=ExtResource( 3 )]

[node name="StationBridge2" type="Spatial" parent="StationBuilderPreview/Tower/Bridge" instance=ExtResource( 3 )]
transform = Transform( 1, 0, 0, 0, 1, 0, 0, 0, 1, 0, 0, -20 )

[node name="StationBridge3" type="Spatial" parent="StationBuilderPreview/Tower/Bridge" instance=ExtResource( 3 )]
transform = Transform( 1, 0, 0, 0, 1, 0, 0, 0, 1, 0, 0, -40 )

[node name="StationBridge4" type="Spatial" parent="StationBuilderPreview/Tower/Bridge" instance=ExtResource( 3 )]
transform = Transform( 1, 0, 0, 0, 1, 0, 0, 0, 1, 0, 0, -60 )

[node name="StationBridge5" type="Spatial" parent="StationBuilderPreview/Tower/Bridge" instance=ExtResource( 3 )]
transform = Transform( 1, 0, 0, 0, 1, 0, 0, 0, 1, 0, 0, -80 )

[node name="Bridge2" type="Spatial" parent="StationBuilderPreview/Tower"]
transform = Transform( -1, -8.74228e-08, 3.82137e-15, 0, -4.37114e-08, -1, 8.74228e-08, -1, 4.37114e-08, -0.0032959, 0.000854492, -35.355 )

[node name="StationBridge" type="Spatial" parent="StationBuilderPreview/Tower/Bridge2" instance=ExtResource( 3 )]

[node name="StationBridge2" type="Spatial" parent="StationBuilderPreview/Tower/Bridge2" instance=ExtResource( 3 )]
transform = Transform( 1, 0, 0, 0, 1, 0, 0, 0, 1, 0, 0, -20 )

[node name="StationBridge3" type="Spatial" parent="StationBuilderPreview/Tower/Bridge2" instance=ExtResource( 3 )]
transform = Transform( 1, 0, 0, 0, 1, 0, 0, 0, 1, 0, 0, -40 )

[node name="StationBridge4" type="Spatial" parent="StationBuilderPreview/Tower/Bridge2" instance=ExtResource( 3 )]
transform = Transform( 1, 0, 0, 0, 1, 0, 0, 0, 1, 0, 0, -60 )

[node name="StationBridge5" type="Spatial" parent="StationBuilderPreview/Tower/Bridge2" instance=ExtResource( 3 )]
transform = Transform( 1, 0, 0, 0, 1, 0, 0, 0, 1, 0, 0, -80 )

[node name="Bridge3" type="Spatial" parent="StationBuilderPreview/Tower"]
transform = Transform( -1, -1.50996e-07, 6.60024e-15, 0, -4.37114e-08, -1, 1.50996e-07, -1, 4.37114e-08, 0, 0.00140381, -53.3564 )

[node name="StationBridge" type="Spatial" parent="StationBuilderPreview/Tower/Bridge3" instance=ExtResource( 3 )]

[node name="StationBridge2" type="Spatial" parent="StationBuilderPreview/Tower/Bridge3" instance=ExtResource( 3 )]
transform = Transform( 1, 0, 0, 0, 1, 0, 0, 0, 1, 0, 0, -20 )

[node name="StationBridge3" type="Spatial" parent="StationBuilderPreview/Tower/Bridge3" instance=ExtResource( 3 )]
transform = Transform( 1, 0, 0, 0, 1, 0, 0, 0, 1, 0, 0, -40 )

[node name="StationBridge4" type="Spatial" parent="StationBuilderPreview/Tower/Bridge3" instance=ExtResource( 3 )]
transform = Transform( 1, 0, 0, 0, 1, 0, 0, 0, 1, 0, 0, -60 )

[node name="StationBridge5" type="Spatial" parent="StationBuilderPreview/Tower/Bridge3" instance=ExtResource( 3 )]
transform = Transform( 1, 0, 0, 0, 1, 0, 0, 0, 1, 0, 0, -80 )

[node name="Bridge4" type="Spatial" parent="StationBuilderPreview/Tower"]
transform = Transform( -1, 8.74228e-08, -3.82137e-15, 0, -4.37114e-08, -1, -8.74228e-08, -1, 4.37114e-08, 0.0032959, 0.00195313, -71.3579 )

[node name="StationBridge" type="Spatial" parent="StationBuilderPreview/Tower/Bridge4" instance=ExtResource( 3 )]

[node name="StationBridge2" type="Spatial" parent="StationBuilderPreview/Tower/Bridge4" instance=ExtResource( 3 )]
transform = Transform( 1, 0, 0, 0, 1, 0, 0, 0, 1, 0, 0, -20 )

[node name="StationBridge3" type="Spatial" parent="StationBuilderPreview/Tower/Bridge4" instance=ExtResource( 3 )]
transform = Transform( 1, 0, 0, 0, 1, 0, 0, 0, 1, 0, 0, -40 )

[node name="StationBridge4" type="Spatial" parent="StationBuilderPreview/Tower/Bridge4" instance=ExtResource( 3 )]
transform = Transform( 1, 0, 0, 0, 1, 0, 0, 0, 1, 0, 0, -60 )

[node name="StationBridge5" type="Spatial" parent="StationBuilderPreview/Tower/Bridge4" instance=ExtResource( 3 )]
transform = Transform( 1, 0, 0, 0, 1, 0, 0, 0, 1, 0, 0, -80 )

[node name="Bridge5" type="Spatial" parent="StationBuilderPreview/Tower"]
transform = Transform( -1, 8.74228e-08, -3.82137e-15, 0, -4.37114e-08, -1, -8.74228e-08, -1, 4.37114e-08, -0.000488281, -0.000305176, -89.3545 )

[node name="StationBridge" type="Spatial" parent="StationBuilderPreview/Tower/Bridge5" instance=ExtResource( 3 )]

[node name="StationBridge2" type="Spatial" parent="StationBuilderPreview/Tower/Bridge5" instance=ExtResource( 3 )]
transform = Transform( 1, 0, 0, 0, 1, 0, 0, 0, 1, 0, 0, -20 )

[node name="StationBridge3" type="Spatial" parent="StationBuilderPreview/Tower/Bridge5" instance=ExtResource( 3 )]
transform = Transform( 1, 0, 0, 0, 1, 0, 0, 0, 1, 0, 0, -40 )

[node name="StationBridge4" type="Spatial" parent="StationBuilderPreview/Tower/Bridge5" instance=ExtResource( 3 )]
transform = Transform( 1, 0, 0, 0, 1, 0, 0, 0, 1, 0, 0, -60 )

[node name="StationBridge5" type="Spatial" parent="StationBuilderPreview/Tower/Bridge5" instance=ExtResource( 3 )]
transform = Transform( 1, 0, 0, 0, 1, 0, 0, 0, 1, 0, 0, -80 )

[node name="Bridge6" type="Spatial" parent="StationBuilderPreview/Tower"]
transform = Transform( -1, 8.74228e-08, -3.82137e-15, 0, -4.37114e-08, -1, -8.74228e-08, -1, 4.37114e-08, -0.000854492, 0.00170898, -125.354 )

[node name="StationBridge" type="Spatial" parent="StationBuilderPreview/Tower/Bridge6" instance=ExtResource( 3 )]

[node name="StationBridge2" type="Spatial" parent="StationBuilderPreview/Tower/Bridge6" instance=ExtResource( 3 )]
transform = Transform( 1, 0, 0, 0, 1, 0, 0, 0, 1, 0, 0, -20 )

[node name="StationBridge3" type="Spatial" parent="StationBuilderPreview/Tower/Bridge6" instance=ExtResource( 3 )]
transform = Transform( 1, 0, 0, 0, 1, 0, 0, 0, 1, 0, 0, -40 )

[node name="StationBridge4" type="Spatial" parent="StationBuilderPreview/Tower/Bridge6" instance=ExtResource( 3 )]
transform = Transform( 1, 0, 0, 0, 1, 0, 0, 0, 1, 0, 0, -60 )

[node name="StationBridge5" type="Spatial" parent="StationBuilderPreview/Tower/Bridge6" instance=ExtResource( 3 )]
transform = Transform( 1, 0, 0, 0, 1, 0, 0, 0, 1, 0, 0, -80 )

[node name="Bridge7" type="Spatial" parent="StationBuilderPreview/Tower"]
transform = Transform( -1, -8.74228e-08, 3.82137e-15, 0, -4.37114e-08, -1, 8.74228e-08, -1, 4.37114e-08, 0.00231934, 0.00219727, -143.355 )

[node name="StationBridge" type="Spatial" parent="StationBuilderPreview/Tower/Bridge7" instance=ExtResource( 3 )]

[node name="StationBridge2" type="Spatial" parent="StationBuilderPreview/Tower/Bridge7" instance=ExtResource( 3 )]
transform = Transform( 1, 0, 0, 0, 1, 0, 0, 0, 1, 0, 0, -20 )

[node name="StationBridge3" type="Spatial" parent="StationBuilderPreview/Tower/Bridge7" instance=ExtResource( 3 )]
transform = Transform( 1, 0, 0, 0, 1, 0, 0, 0, 1, 0, 0, -40 )

[node name="StationBridge4" type="Spatial" parent="StationBuilderPreview/Tower/Bridge7" instance=ExtResource( 3 )]
transform = Transform( 1, 0, 0, 0, 1, 0, 0, 0, 1, 0, 0, -60 )

[node name="StationBridge5" type="Spatial" parent="StationBuilderPreview/Tower/Bridge7" instance=ExtResource( 3 )]
transform = Transform( 1, 0, 0, 0, 1, 0, 0, 0, 1, 0, 0, -80 )

[node name="Bridge8" type="Spatial" parent="StationBuilderPreview/Tower"]
transform = Transform( 1, -2.96712e-08, -1.29697e-15, 0, -4.37114e-08, 1, -2.96712e-08, -1, -4.37114e-08, -0.00427246, -0.00231934, -17.0054 )

[node name="StationBridge" type="Spatial" parent="StationBuilderPreview/Tower/Bridge8" instance=ExtResource( 3 )]

[node name="StationBridge2" type="Spatial" parent="StationBuilderPreview/Tower/Bridge8" instance=ExtResource( 3 )]
transform = Transform( 1, 0, 0, 0, 1, 0, 0, 0, 1, 0, 0, -20 )

[node name="StationBridge3" type="Spatial" parent="StationBuilderPreview/Tower/Bridge8" instance=ExtResource( 3 )]
transform = Transform( 1, 0, 0, 0, 1, 0, 0, 0, 1, 0, 0, -40 )

[node name="StationBridge4" type="Spatial" parent="StationBuilderPreview/Tower/Bridge8" instance=ExtResource( 3 )]
transform = Transform( 1, 0, 0, 0, 1, 0, 0, 0, 1, 0, 0, -60 )

[node name="StationBridge5" type="Spatial" parent="StationBuilderPreview/Tower/Bridge8" instance=ExtResource( 3 )]
transform = Transform( 1, 0, 0, 0, 1, 0, 0, 0, 1, 0, 0, -80 )

[node name="Bridge9" type="Spatial" parent="StationBuilderPreview/Tower"]
transform = Transform( 1, 2.9949e-08, 1.30911e-15, 0, -4.37114e-08, 1, 2.9949e-08, -1, -4.37114e-08, 0.00183105, -0.000610352, -39.9995 )

[node name="StationBridge" type="Spatial" parent="StationBuilderPreview/Tower/Bridge9" instance=ExtResource( 3 )]

[node name="StationBridge2" type="Spatial" parent="StationBuilderPreview/Tower/Bridge9" instance=ExtResource( 3 )]
transform = Transform( 1, 0, 0, 0, 1, 0, 0, 0, 1, 0, 0, -20 )

[node name="StationBridge3" type="Spatial" parent="StationBuilderPreview/Tower/Bridge9" instance=ExtResource( 3 )]
transform = Transform( 1, 0, 0, 0, 1, 0, 0, 0, 1, 0, 0, -40 )

[node name="StationBridge4" type="Spatial" parent="StationBuilderPreview/Tower/Bridge9" instance=ExtResource( 3 )]
transform = Transform( 1, 0, 0, 0, 1, 0, 0, 0, 1, 0, 0, -60 )

[node name="StationBridge5" type="Spatial" parent="StationBuilderPreview/Tower/Bridge9" instance=ExtResource( 3 )]
transform = Transform( 1, 0, 0, 0, 1, 0, 0, 0, 1, 0, 0, -80 )

[node name="Bridge10" type="Spatial" parent="StationBuilderPreview/Tower"]
transform = Transform( 1, 5.10619e-08, 2.23198e-15, 0, -4.37114e-08, 1, 5.10619e-08, -1, -4.37114e-08, -0.00598145, -0.00201416, -63.0034 )

[node name="StationBridge" type="Spatial" parent="StationBuilderPreview/Tower/Bridge10" instance=ExtResource( 3 )]

[node name="StationBridge2" type="Spatial" parent="StationBuilderPreview/Tower/Bridge10" instance=ExtResource( 3 )]
transform = Transform( 1, 0, 0, 0, 1, 0, 0, 0, 1, 0, 0, -20 )

[node name="StationBridge3" type="Spatial" parent="StationBuilderPreview/Tower/Bridge10" instance=ExtResource( 3 )]
transform = Transform( 1, 0, 0, 0, 1, 0, 0, 0, 1, 0, 0, -40 )

[node name="StationBridge4" type="Spatial" parent="StationBuilderPreview/Tower/Bridge10" instance=ExtResource( 3 )]
transform = Transform( 1, 0, 0, 0, 1, 0, 0, 0, 1, 0, 0, -60 )

[node name="StationBridge5" type="Spatial" parent="StationBuilderPreview/Tower/Bridge10" instance=ExtResource( 3 )]
transform = Transform( 1, 0, 0, 0, 1, 0, 0, 0, 1, 0, 0, -80 )

[node name="Bridge11" type="Spatial" parent="StationBuilderPreview/Tower"]
transform = Transform( 1, 4.29523e-08, 1.87751e-15, 0, -4.37114e-08, 1, 4.29523e-08, -1, -4.37114e-08, 0.00012207, -0.000305176, -85.9971 )

[node name="StationBridge" type="Spatial" parent="StationBuilderPreview/Tower/Bridge11" instance=ExtResource( 3 )]

[node name="StationBridge2" type="Spatial" parent="StationBuilderPreview/Tower/Bridge11" instance=ExtResource( 3 )]
transform = Transform( 1, 0, 0, 0, 1, 0, 0, 0, 1, 0, 0, -20 )

[node name="StationBridge3" type="Spatial" parent="StationBuilderPreview/Tower/Bridge11" instance=ExtResource( 3 )]
transform = Transform( 1, 0, 0, 0, 1, 0, 0, 0, 1, 0, 0, -40 )

[node name="StationBridge4" type="Spatial" parent="StationBuilderPreview/Tower/Bridge11" instance=ExtResource( 3 )]
transform = Transform( 1, 0, 0, 0, 1, 0, 0, 0, 1, 0, 0, -60 )

[node name="StationBridge5" type="Spatial" parent="StationBuilderPreview/Tower/Bridge11" instance=ExtResource( 3 )]
transform = Transform( 1, 0, 0, 0, 1, 0, 0, 0, 1, 0, 0, -80 )

[node name="Bridge12" type="Spatial" parent="StationBuilderPreview/Tower"]
transform = Transform( 1, 1.0656e-08, 4.65789e-16, 0, -4.37114e-08, 1, 1.0656e-08, -1, -4.37114e-08, -0.000732422, -0.00280762, -109.004 )

[node name="StationBridge" type="Spatial" parent="StationBuilderPreview/Tower/Bridge12" instance=ExtResource( 3 )]

[node name="StationBridge2" type="Spatial" parent="StationBuilderPreview/Tower/Bridge12" instance=ExtResource( 3 )]
transform = Transform( 1, 0, 0, 0, 1, 0, 0, 0, 1, 0, 0, -20 )

[node name="StationBridge3" type="Spatial" parent="StationBuilderPreview/Tower/Bridge12" instance=ExtResource( 3 )]
transform = Transform( 1, 0, 0, 0, 1, 0, 0, 0, 1, 0, 0, -40 )

[node name="StationBridge4" type="Spatial" parent="StationBuilderPreview/Tower/Bridge12" instance=ExtResource( 3 )]
transform = Transform( 1, 0, 0, 0, 1, 0, 0, 0, 1, 0, 0, -60 )

[node name="StationBridge5" type="Spatial" parent="StationBuilderPreview/Tower/Bridge12" instance=ExtResource( 3 )]
transform = Transform( 1, 0, 0, 0, 1, 0, 0, 0, 1, 0, 0, -80 )

[node name="Bridge13" type="Spatial" parent="StationBuilderPreview/Tower"]
transform = Transform( 1, 8.92265e-08, 3.90021e-15, 0, -4.37114e-08, 1, 8.92265e-08, -1, -4.37114e-08, -0.00158691, 0, -131.995 )

[node name="StationBridge" type="Spatial" parent="StationBuilderPreview/Tower/Bridge13" instance=ExtResource( 3 )]

[node name="StationBridge2" type="Spatial" parent="StationBuilderPreview/Tower/Bridge13" instance=ExtResource( 3 )]
transform = Transform( 1, 0, 0, 0, 1, 0, 0, 0, 1, 0, 0, -20 )

[node name="StationBridge3" type="Spatial" parent="StationBuilderPreview/Tower/Bridge13" instance=ExtResource( 3 )]
transform = Transform( 1, 0, 0, 0, 1, 0, 0, 0, 1, 0, 0, -40 )

[node name="StationBridge4" type="Spatial" parent="StationBuilderPreview/Tower/Bridge13" instance=ExtResource( 3 )]
transform = Transform( 1, 0, 0, 0, 1, 0, 0, 0, 1, 0, 0, -60 )

[node name="StationBridge5" type="Spatial" parent="StationBuilderPreview/Tower/Bridge13" instance=ExtResource( 3 )]
transform = Transform( 1, 0, 0, 0, 1, 0, 0, 0, 1, 0, 0, -80 )

[node name="Tower2" type="Spatial" parent="StationBuilderPreview"]
transform = Transform( -0.891402, 0.133725, 0.433035, 0, 0.955479, -0.29506, -0.453213, -0.263017, -0.851716, 1230.68, -736.797, -2420.56 )

[node name="ns_blank" type="Spatial" parent="StationBuilderPreview/Tower2" instance=ExtResource( 11 )]
transform = Transform( -1, 0, 0, 0, 0, -1, 0, -1, 0, 0, 0, 0 )

[node name="ns_blank2" type="Spatial" parent="StationBuilderPreview/Tower2" instance=ExtResource( 11 )]
transform = Transform( -1, 0, 0, 0, 0, -1, 0, -1, 0, 0, 0, -25 )

[node name="ns_blank3" type="Spatial" parent="StationBuilderPreview/Tower2" instance=ExtResource( 11 )]
transform = Transform( -1, 0, 0, 0, 0, -1, 0, -1, 0, 0, 0, -50 )

[node name="ns_blank4" type="Spatial" parent="StationBuilderPreview/Tower2" instance=ExtResource( 11 )]
transform = Transform( -1, 0, 0, 0, 0, -1, 0, -1, 0, 0, 0, -75 )

[node name="ns_blank5" type="Spatial" parent="StationBuilderPreview/Tower2" instance=ExtResource( 11 )]
transform = Transform( -1, 0, 0, 0, 0, -1, 0, -1, 0, 0, 0, -100 )

[node name="ns_blank6" type="Spatial" parent="StationBuilderPreview/Tower2" instance=ExtResource( 11 )]
transform = Transform( -1, 0, 0, 0, 0, -1, 0, -1, 0, 0, 0, -125 )

[node name="ns_cap" type="Spatial" parent="StationBuilderPreview/Tower2" instance=ExtResource( 10 )]
transform = Transform( -1, 0, 0, 0, 0, -1, 0, -1, 0, 0, 0, -150 )

[node name="Tower3" type="Spatial" parent="StationBuilderPreview"]
transform = Transform( -0.891402, 0.134146, 0.432905, 0, 0.955191, -0.295989, -0.453213, -0.263845, -0.85146, 1205.77, -926.211, -2371.58 )

[node name="ns_blank" type="Spatial" parent="StationBuilderPreview/Tower3" instance=ExtResource( 11 )]
transform = Transform( -1, 0, 0, 0, 0, -1, 0, -1, 0, 0, 0, 0 )

[node name="ns_blank2" type="Spatial" parent="StationBuilderPreview/Tower3" instance=ExtResource( 11 )]
transform = Transform( -1, 0, 0, 0, 0, -1, 0, -1, 0, 0, 0, -25 )

[node name="ns_blank3" type="Spatial" parent="StationBuilderPreview/Tower3" instance=ExtResource( 11 )]
transform = Transform( -1, 0, 0, 0, 0, -1, 0, -1, 0, 0, 0, -50 )

[node name="ns_blank4" type="Spatial" parent="StationBuilderPreview/Tower3" instance=ExtResource( 11 )]
transform = Transform( -1, 0, 0, 0, 0, -1, 0, -1, 0, 0, 0, -75 )

[node name="ns_blank5" type="Spatial" parent="StationBuilderPreview/Tower3" instance=ExtResource( 11 )]
transform = Transform( -1, 0, 0, 0, 0, -1, 0, -1, 0, 0, 0, -100 )

[node name="ns_blank6" type="Spatial" parent="StationBuilderPreview/Tower3" instance=ExtResource( 11 )]
transform = Transform( -1, 0, 0, 0, 0, -1, 0, -1, 0, 0, 0, -125 )

[node name="ns_cap" type="Spatial" parent="StationBuilderPreview/Tower3" instance=ExtResource( 10 )]
transform = Transform( -1, 0, 0, 0, 0, -1, 0, -1, 0, 0, 0, -150 )

[node name="Bridge" type="Spatial" parent="StationBuilderPreview/Tower3"]
transform = Transform( -4.59105e-05, 0.000148362, -1, 1, -0.000486179, -4.59826e-05, -0.000486186, -1, -0.00014834, 0.00610352, -0.0169678, -22.9917 )

[node name="StationBridge" type="Spatial" parent="StationBuilderPreview/Tower3/Bridge" instance=ExtResource( 3 )]

[node name="StationBridge2" type="Spatial" parent="StationBuilderPreview/Tower3/Bridge" instance=ExtResource( 3 )]
transform = Transform( 1, 0, 0, 0, 1, 0, 0, 0, 1, 0, 0, -20 )

[node name="StationBridge3" type="Spatial" parent="StationBuilderPreview/Tower3/Bridge" instance=ExtResource( 3 )]
transform = Transform( 1, 0, 0, 0, 1, 0, 0, 0, 1, 0, 0, -40 )

[node name="StationBridge4" type="Spatial" parent="StationBuilderPreview/Tower3/Bridge" instance=ExtResource( 3 )]
transform = Transform( 1, 0, 0, 0, 1, 0, 0, 0, 1, 0, 0, -60 )

[node name="StationBridge5" type="Spatial" parent="StationBuilderPreview/Tower3/Bridge" instance=ExtResource( 3 )]
transform = Transform( 1, 0, 0, 0, 1, 0, 0, 0, 1, 0, 0, -80 )

[node name="Bridge2" type="Spatial" parent="StationBuilderPreview/Tower3"]
transform = Transform( -6.64145e-05, 0.000214653, -1, 1, -0.000486179, -6.65188e-05, -0.000486193, -1, -0.00021462, 0.000854492, -0.0597534, -62.9985 )

[node name="StationBridge" type="Spatial" parent="StationBuilderPreview/Tower3/Bridge2" instance=ExtResource( 3 )]

[node name="StationBridge2" type="Spatial" parent="StationBuilderPreview/Tower3/Bridge2" instance=ExtResource( 3 )]
transform = Transform( 1, 0, 0, 0, 1, 0, 0, 0, 1, 0, 0, -20 )

[node name="StationBridge3" type="Spatial" parent="StationBuilderPreview/Tower3/Bridge2" instance=ExtResource( 3 )]
transform = Transform( 1, 0, 0, 0, 1, 0, 0, 0, 1, 0, 0, -40 )

[node name="StationBridge4" type="Spatial" parent="StationBuilderPreview/Tower3/Bridge2" instance=ExtResource( 3 )]
transform = Transform( 1, 0, 0, 0, 1, 0, 0, 0, 1, 0, 0, -60 )

[node name="StationBridge5" type="Spatial" parent="StationBuilderPreview/Tower3/Bridge2" instance=ExtResource( 3 )]
transform = Transform( 1, 0, 0, 0, 1, 0, 0, 0, 1, 0, 0, -80 )

[node name="Bridge3" type="Spatial" parent="StationBuilderPreview/Tower3"]
transform = Transform( 1, 6.32845e-08, 2.76625e-15, 0, -4.37114e-08, 1, 6.32845e-08, -1, -4.37114e-08, 0.00170898, -0.0325928, -33.481 )

[node name="StationBridge" type="Spatial" parent="StationBuilderPreview/Tower3/Bridge3" instance=ExtResource( 3 )]

[node name="StationBridge2" type="Spatial" parent="StationBuilderPreview/Tower3/Bridge3" instance=ExtResource( 3 )]
transform = Transform( 1, 0, 0, 0, 1, 0, 0, 0, 1, 0, 0, -20 )

[node name="StationBridge3" type="Spatial" parent="StationBuilderPreview/Tower3/Bridge3" instance=ExtResource( 3 )]
transform = Transform( 1, 0, 0, 0, 1, 0, 0, 0, 1, 0, 0, -40 )

[node name="StationBridge4" type="Spatial" parent="StationBuilderPreview/Tower3/Bridge3" instance=ExtResource( 3 )]
transform = Transform( 1, 0, 0, 0, 1, 0, 0, 0, 1, 0, 0, -60 )

[node name="StationBridge5" type="Spatial" parent="StationBuilderPreview/Tower3/Bridge3" instance=ExtResource( 3 )]
transform = Transform( 1, 0, 0, 0, 1, 0, 0, 0, 1, 0, 0, -80 )

[node name="Bridge4" type="Spatial" parent="StationBuilderPreview/Tower3"]
transform = Transform( 1, -2.45465e-08, -1.07296e-15, 0, -4.37114e-08, 1, -2.45465e-08, -1, -4.37114e-08, 0.00317383, -0.0493774, -48.4875 )

[node name="StationBridge" type="Spatial" parent="StationBuilderPreview/Tower3/Bridge4" instance=ExtResource( 3 )]

[node name="StationBridge2" type="Spatial" parent="StationBuilderPreview/Tower3/Bridge4" instance=ExtResource( 3 )]
transform = Transform( 1, 0, 0, 0, 1, 0, 0, 0, 1, 0, 0, -20 )

[node name="StationBridge3" type="Spatial" parent="StationBuilderPreview/Tower3/Bridge4" instance=ExtResource( 3 )]
transform = Transform( 1, 0, 0, 0, 1, 0, 0, 0, 1, 0, 0, -40 )

[node name="StationBridge4" type="Spatial" parent="StationBuilderPreview/Tower3/Bridge4" instance=ExtResource( 3 )]
transform = Transform( 1, 0, 0, 0, 1, 0, 0, 0, 1, 0, 0, -60 )

[node name="StationBridge5" type="Spatial" parent="StationBuilderPreview/Tower3/Bridge4" instance=ExtResource( 3 )]
transform = Transform( 1, 0, 0, 0, 1, 0, 0, 0, 1, 0, 0, -80 )

[node name="Bridge5" type="Spatial" parent="StationBuilderPreview/Tower3"]
transform = Transform( 1, 3.30439e-09, 1.4444e-16, 0, -4.37114e-08, 1, 3.30439e-09, -1, -4.37114e-08, 0.00488281, -0.0609741, -63.4775 )

[node name="StationBridge" type="Spatial" parent="StationBuilderPreview/Tower3/Bridge5" instance=ExtResource( 3 )]

[node name="StationBridge2" type="Spatial" parent="StationBuilderPreview/Tower3/Bridge5" instance=ExtResource( 3 )]
transform = Transform( 1, 0, 0, 0, 1, 0, 0, 0, 1, 0, 0, -20 )

[node name="StationBridge3" type="Spatial" parent="StationBuilderPreview/Tower3/Bridge5" instance=ExtResource( 3 )]
transform = Transform( 1, 0, 0, 0, 1, 0, 0, 0, 1, 0, 0, -40 )

[node name="StationBridge4" type="Spatial" parent="StationBuilderPreview/Tower3/Bridge5" instance=ExtResource( 3 )]
transform = Transform( 1, 0, 0, 0, 1, 0, 0, 0, 1, 0, 0, -60 )

[node name="StationBridge5" type="Spatial" parent="StationBuilderPreview/Tower3/Bridge5" instance=ExtResource( 3 )]
transform = Transform( 1, 0, 0, 0, 1, 0, 0, 0, 1, 0, 0, -80 )

[node name="Bridge6" type="Spatial" parent="StationBuilderPreview/Tower3"]
transform = Transform( 1, 9.68181e-08, 4.23205e-15, 0, -4.37114e-08, 1, 9.68181e-08, -1, -4.37114e-08, -0.000610352, -0.0766602, -78.4807 )

[node name="StationBridge" type="Spatial" parent="StationBuilderPreview/Tower3/Bridge6" instance=ExtResource( 3 )]

[node name="StationBridge2" type="Spatial" parent="StationBuilderPreview/Tower3/Bridge6" instance=ExtResource( 3 )]
transform = Transform( 1, 0, 0, 0, 1, 0, 0, 0, 1, 0, 0, -20 )

[node name="StationBridge3" type="Spatial" parent="StationBuilderPreview/Tower3/Bridge6" instance=ExtResource( 3 )]
transform = Transform( 1, 0, 0, 0, 1, 0, 0, 0, 1, 0, 0, -40 )

[node name="StationBridge4" type="Spatial" parent="StationBuilderPreview/Tower3/Bridge6" instance=ExtResource( 3 )]
transform = Transform( 1, 0, 0, 0, 1, 0, 0, 0, 1, 0, 0, -60 )

[node name="StationBridge5" type="Spatial" parent="StationBuilderPreview/Tower3/Bridge6" instance=ExtResource( 3 )]
transform = Transform( 1, 0, 0, 0, 1, 0, 0, 0, 1, 0, 0, -80 )

[node name="Bridge7" type="Spatial" parent="StationBuilderPreview/Tower3"]
transform = Transform( 1, 7.02075e-08, 3.06887e-15, 0, -4.37114e-08, 1, 7.02075e-08, -1, -4.37114e-08, 0.000732422, -0.0934448, -93.4873 )

[node name="StationBridge" type="Spatial" parent="StationBuilderPreview/Tower3/Bridge7" instance=ExtResource( 3 )]

[node name="StationBridge2" type="Spatial" parent="StationBuilderPreview/Tower3/Bridge7" instance=ExtResource( 3 )]
transform = Transform( 1, 0, 0, 0, 1, 0, 0, 0, 1, 0, 0, -20 )

[node name="StationBridge3" type="Spatial" parent="StationBuilderPreview/Tower3/Bridge7" instance=ExtResource( 3 )]
transform = Transform( 1, 0, 0, 0, 1, 0, 0, 0, 1, 0, 0, -40 )

[node name="StationBridge4" type="Spatial" parent="StationBuilderPreview/Tower3/Bridge7" instance=ExtResource( 3 )]
transform = Transform( 1, 0, 0, 0, 1, 0, 0, 0, 1, 0, 0, -60 )

[node name="StationBridge5" type="Spatial" parent="StationBuilderPreview/Tower3/Bridge7" instance=ExtResource( 3 )]
transform = Transform( 1, 0, 0, 0, 1, 0, 0, 0, 1, 0, 0, -80 )

[node name="Bridge8" type="Spatial" parent="StationBuilderPreview/Tower3"]
transform = Transform( 1, 5.70277e-08, 2.49276e-15, 0, -4.37114e-08, 1, 5.70277e-08, -1, -4.37114e-08, 0.00244141, -0.105042, -108.477 )

[node name="StationBridge" type="Spatial" parent="StationBuilderPreview/Tower3/Bridge8" instance=ExtResource( 3 )]

[node name="StationBridge2" type="Spatial" parent="StationBuilderPreview/Tower3/Bridge8" instance=ExtResource( 3 )]
transform = Transform( 1, 0, 0, 0, 1, 0, 0, 0, 1, 0, 0, -20 )

[node name="StationBridge3" type="Spatial" parent="StationBuilderPreview/Tower3/Bridge8" instance=ExtResource( 3 )]
transform = Transform( 1, 0, 0, 0, 1, 0, 0, 0, 1, 0, 0, -40 )

[node name="StationBridge4" type="Spatial" parent="StationBuilderPreview/Tower3/Bridge8" instance=ExtResource( 3 )]
transform = Transform( 1, 0, 0, 0, 1, 0, 0, 0, 1, 0, 0, -60 )

[node name="StationBridge5" type="Spatial" parent="StationBuilderPreview/Tower3/Bridge8" instance=ExtResource( 3 )]
transform = Transform( 1, 0, 0, 0, 1, 0, 0, 0, 1, 0, 0, -80 )

[node name="Bridge9" type="Spatial" parent="StationBuilderPreview/Tower3"]
transform = Transform( 1, 3.54694e-09, 1.55042e-16, 0, -4.37114e-08, 1, 3.54694e-09, -1, -4.37114e-08, 0.00390625, -0.121765, -123.484 )

[node name="StationBridge" type="Spatial" parent="StationBuilderPreview/Tower3/Bridge9" instance=ExtResource( 3 )]

[node name="StationBridge2" type="Spatial" parent="StationBuilderPreview/Tower3/Bridge9" instance=ExtResource( 3 )]
transform = Transform( 1, 0, 0, 0, 1, 0, 0, 0, 1, 0, 0, -20 )

[node name="StationBridge3" type="Spatial" parent="StationBuilderPreview/Tower3/Bridge9" instance=ExtResource( 3 )]
transform = Transform( 1, 0, 0, 0, 1, 0, 0, 0, 1, 0, 0, -40 )

[node name="StationBridge4" type="Spatial" parent="StationBuilderPreview/Tower3/Bridge9" instance=ExtResource( 3 )]
transform = Transform( 1, 0, 0, 0, 1, 0, 0, 0, 1, 0, 0, -60 )

[node name="StationBridge5" type="Spatial" parent="StationBuilderPreview/Tower3/Bridge9" instance=ExtResource( 3 )]
transform = Transform( 1, 0, 0, 0, 1, 0, 0, 0, 1, 0, 0, -80 )

[node name="Bridge10" type="Spatial" parent="StationBuilderPreview/Tower3"]
transform = Transform( 1, 3.06385e-08, 1.33925e-15, 0, -4.37114e-08, 1, 3.06385e-08, -1, -4.37114e-08, -0.00152588, -0.137512, -138.487 )

[node name="StationBridge" type="Spatial" parent="StationBuilderPreview/Tower3/Bridge10" instance=ExtResource( 3 )]

[node name="StationBridge2" type="Spatial" parent="StationBuilderPreview/Tower3/Bridge10" instance=ExtResource( 3 )]
transform = Transform( 1, 0, 0, 0, 1, 0, 0, 0, 1, 0, 0, -20 )

[node name="StationBridge3" type="Spatial" parent="StationBuilderPreview/Tower3/Bridge10" instance=ExtResource( 3 )]
transform = Transform( 1, 0, 0, 0, 1, 0, 0, 0, 1, 0, 0, -40 )

[node name="StationBridge4" type="Spatial" parent="StationBuilderPreview/Tower3/Bridge10" instance=ExtResource( 3 )]
transform = Transform( 1, 0, 0, 0, 1, 0, 0, 0, 1, 0, 0, -60 )

[node name="StationBridge5" type="Spatial" parent="StationBuilderPreview/Tower3/Bridge10" instance=ExtResource( 3 )]
transform = Transform( 1, 0, 0, 0, 1, 0, 0, 0, 1, 0, 0, -80 )

[node name="Tower4" type="Spatial" parent="StationBuilderPreview"]
transform = Transform( -0.891402, 0.134356, 0.43284, 0, 0.955047, -0.296453, -0.453213, -0.264259, -0.851331, 1186.76, -1016.44, -2334.19 )

[node name="ns_blank" type="Spatial" parent="StationBuilderPreview/Tower4" instance=ExtResource( 11 )]
transform = Transform( -1, 0, 0, 0, 0, -1, 0, -1, 0, 0, 0, 0 )

[node name="ns_blank2" type="Spatial" parent="StationBuilderPreview/Tower4" instance=ExtResource( 11 )]
transform = Transform( -1, 0, 0, 0, 0, -1, 0, -1, 0, 0, 0, -25 )

[node name="ns_blank3" type="Spatial" parent="StationBuilderPreview/Tower4" instance=ExtResource( 11 )]
transform = Transform( -1, 0, 0, 0, 0, -1, 0, -1, 0, 0, 0, -50 )

[node name="ns_blank4" type="Spatial" parent="StationBuilderPreview/Tower4" instance=ExtResource( 11 )]
transform = Transform( -1, 0, 0, 0, 0, -1, 0, -1, 0, 0, 0, -75 )

[node name="ns_blank5" type="Spatial" parent="StationBuilderPreview/Tower4" instance=ExtResource( 11 )]
transform = Transform( -1, 0, 0, 0, 0, -1, 0, -1, 0, 0, 0, -100 )

[node name="ns_blank6" type="Spatial" parent="StationBuilderPreview/Tower4" instance=ExtResource( 11 )]
transform = Transform( -1, 0, 0, 0, 0, -1, 0, -1, 0, 0, 0, -125 )

[node name="ns_cap" type="Spatial" parent="StationBuilderPreview/Tower4" instance=ExtResource( 10 )]
transform = Transform( -1, 0, 0, 0, 0, -1, 0, -1, 0, 0, 0, -150 )

[node name="Tower11" type="Spatial" parent="StationBuilderPreview"]
transform = Transform( -0.891633, 0.134012, 0.432471, 0, 0.955191, -0.295989, -0.452759, -0.263913, -0.85168, 1120.47, -927.961, -2421.34 )

[node name="ns_blank" type="Spatial" parent="StationBuilderPreview/Tower11" instance=ExtResource( 11 )]
transform = Transform( -1, 0, 0, 0, 0, -1, 0, -1, 0, 0, 0, 0 )

[node name="ns_blank2" type="Spatial" parent="StationBuilderPreview/Tower11" instance=ExtResource( 11 )]
transform = Transform( -1, 0, 0, 0, 0, -1, 0, -1, 0, 0, 0, -25 )

[node name="ns_blank3" type="Spatial" parent="StationBuilderPreview/Tower11" instance=ExtResource( 11 )]
transform = Transform( -1, 0, 0, 0, 0, -1, 0, -1, 0, 0, 0, -50 )

[node name="ns_cap" type="Spatial" parent="StationBuilderPreview/Tower11" instance=ExtResource( 10 )]
transform = Transform( -1, 0, 0, 0, 0, -1, 0, -1, 0, 0, 0, -75 )

[node name="Bridge" type="Spatial" parent="StationBuilderPreview/Tower11"]
transform = Transform( -1, 0.000486286, -2.12563e-11, 0, -4.37114e-08, -1, -0.000486286, -1, 4.37114e-08, 0.0222168, -0.0194092, -20.9937 )

[node name="StationBridge" type="Spatial" parent="StationBuilderPreview/Tower11/Bridge" instance=ExtResource( 3 )]

[node name="StationBridge2" type="Spatial" parent="StationBuilderPreview/Tower11/Bridge" instance=ExtResource( 3 )]
transform = Transform( 1, 0, 0, 0, 1, 0, 0, 0, 1, 0, 0, -20 )

[node name="StationBridge3" type="Spatial" parent="StationBuilderPreview/Tower11/Bridge" instance=ExtResource( 3 )]
transform = Transform( 1, 0, 0, 0, 1, 0, 0, 0, 1, 0, 0, -40 )

[node name="StationBridge4" type="Spatial" parent="StationBuilderPreview/Tower11/Bridge" instance=ExtResource( 3 )]
transform = Transform( 1, 0, 0, 0, 1, 0, 0, 0, 1, 0, 0, -60 )

[node name="StationBridge5" type="Spatial" parent="StationBuilderPreview/Tower11/Bridge" instance=ExtResource( 3 )]
transform = Transform( 1, 0, 0, 0, 1, 0, 0, 0, 1, 0, 0, -80 )

[node name="Bridge2" type="Spatial" parent="StationBuilderPreview/Tower11"]
transform = Transform( -1, 0.000486286, -2.12563e-11, 0, -4.37114e-08, -1, -0.000486286, -1, 4.37114e-08, 0.0400391, -0.0395508, -38.0037 )

[node name="StationBridge" type="Spatial" parent="StationBuilderPreview/Tower11/Bridge2" instance=ExtResource( 3 )]

[node name="StationBridge2" type="Spatial" parent="StationBuilderPreview/Tower11/Bridge2" instance=ExtResource( 3 )]
transform = Transform( 1, 0, 0, 0, 1, 0, 0, 0, 1, 0, 0, -20 )

[node name="StationBridge3" type="Spatial" parent="StationBuilderPreview/Tower11/Bridge2" instance=ExtResource( 3 )]
transform = Transform( 1, 0, 0, 0, 1, 0, 0, 0, 1, 0, 0, -40 )

[node name="StationBridge4" type="Spatial" parent="StationBuilderPreview/Tower11/Bridge2" instance=ExtResource( 3 )]
transform = Transform( 1, 0, 0, 0, 1, 0, 0, 0, 1, 0, 0, -60 )

[node name="StationBridge5" type="Spatial" parent="StationBuilderPreview/Tower11/Bridge2" instance=ExtResource( 3 )]
transform = Transform( 1, 0, 0, 0, 1, 0, 0, 0, 1, 0, 0, -80 )

[node name="Bridge3" type="Spatial" parent="StationBuilderPreview/Tower11"]
transform = Transform( -1, 0.000486286, -2.12563e-11, 0, -4.37114e-08, -1, -0.000486286, -1, 4.37114e-08, 0.0579834, -0.0543823, -54.9971 )

[node name="StationBridge" type="Spatial" parent="StationBuilderPreview/Tower11/Bridge3" instance=ExtResource( 3 )]

[node name="StationBridge2" type="Spatial" parent="StationBuilderPreview/Tower11/Bridge3" instance=ExtResource( 3 )]
transform = Transform( 1, 0, 0, 0, 1, 0, 0, 0, 1, 0, 0, -20 )

[node name="StationBridge3" type="Spatial" parent="StationBuilderPreview/Tower11/Bridge3" instance=ExtResource( 3 )]
transform = Transform( 1, 0, 0, 0, 1, 0, 0, 0, 1, 0, 0, -40 )

[node name="StationBridge4" type="Spatial" parent="StationBuilderPreview/Tower11/Bridge3" instance=ExtResource( 3 )]
transform = Transform( 1, 0, 0, 0, 1, 0, 0, 0, 1, 0, 0, -60 )

[node name="StationBridge5" type="Spatial" parent="StationBuilderPreview/Tower11/Bridge3" instance=ExtResource( 3 )]
transform = Transform( 1, 0, 0, 0, 1, 0, 0, 0, 1, 0, 0, -80 )

[node name="Bridge4" type="Spatial" parent="StationBuilderPreview/Tower11"]
transform = Transform( -0.000353374, 0.00114236, -0.999999, 1, -0.000485822, -0.000353929, -0.000486225, -0.999999, -0.00114219, 0.0267334, -0.0234985, -23.7651 )

[node name="StationBridge" type="Spatial" parent="StationBuilderPreview/Tower11/Bridge4" instance=ExtResource( 3 )]

[node name="StationBridge2" type="Spatial" parent="StationBuilderPreview/Tower11/Bridge4" instance=ExtResource( 3 )]
transform = Transform( 1, 0, 0, 0, 1, 0, 0, 0, 1, 0, 0, -20 )

[node name="StationBridge3" type="Spatial" parent="StationBuilderPreview/Tower11/Bridge4" instance=ExtResource( 3 )]
transform = Transform( 1, 0, 0, 0, 1, 0, 0, 0, 1, 0, 0, -40 )

[node name="StationBridge4" type="Spatial" parent="StationBuilderPreview/Tower11/Bridge4" instance=ExtResource( 3 )]
transform = Transform( 1, 0, 0, 0, 1, 0, 0, 0, 1, 0, 0, -60 )

[node name="StationBridge5" type="Spatial" parent="StationBuilderPreview/Tower11/Bridge4" instance=ExtResource( 3 )]
transform = Transform( 1, 0, 0, 0, 1, 0, 0, 0, 1, 0, 0, -80 )

[node name="Bridge5" type="Spatial" parent="StationBuilderPreview/Tower11"]
transform = Transform( -0.000342771, 0.00110802, -0.999999, 1, -0.000485822, -0.00034331, -0.000486202, -0.999999, -0.00110786, 0.0509644, -0.0452881, -46.7588 )

[node name="StationBridge" type="Spatial" parent="StationBuilderPreview/Tower11/Bridge5" instance=ExtResource( 3 )]

[node name="StationBridge2" type="Spatial" parent="StationBuilderPreview/Tower11/Bridge5" instance=ExtResource( 3 )]
transform = Transform( 1, 0, 0, 0, 1, 0, 0, 0, 1, 0, 0, -20 )

[node name="StationBridge3" type="Spatial" parent="StationBuilderPreview/Tower11/Bridge5" instance=ExtResource( 3 )]
transform = Transform( 1, 0, 0, 0, 1, 0, 0, 0, 1, 0, 0, -40 )

[node name="StationBridge4" type="Spatial" parent="StationBuilderPreview/Tower11/Bridge5" instance=ExtResource( 3 )]
transform = Transform( 1, 0, 0, 0, 1, 0, 0, 0, 1, 0, 0, -60 )

[node name="StationBridge5" type="Spatial" parent="StationBuilderPreview/Tower11/Bridge5" instance=ExtResource( 3 )]
transform = Transform( 1, 0, 0, 0, 1, 0, 0, 0, 1, 0, 0, -80 )

[node name="Bridge6" type="Spatial" parent="StationBuilderPreview/Tower11"]
transform = Transform( -0.000363238, 0.00117431, -0.999999, 1, -0.000485822, -0.000363809, -0.000486248, -0.999999, -0.00117414, 0.0681763, -0.071106, -69.7661 )

[node name="StationBridge" type="Spatial" parent="StationBuilderPreview/Tower11/Bridge6" instance=ExtResource( 3 )]

[node name="StationBridge2" type="Spatial" parent="StationBuilderPreview/Tower11/Bridge6" instance=ExtResource( 3 )]
transform = Transform( 1, 0, 0, 0, 1, 0, 0, 0, 1, 0, 0, -20 )

[node name="StationBridge3" type="Spatial" parent="StationBuilderPreview/Tower11/Bridge6" instance=ExtResource( 3 )]
transform = Transform( 1, 0, 0, 0, 1, 0, 0, 0, 1, 0, 0, -40 )

[node name="StationBridge4" type="Spatial" parent="StationBuilderPreview/Tower11/Bridge6" instance=ExtResource( 3 )]
transform = Transform( 1, 0, 0, 0, 1, 0, 0, 0, 1, 0, 0, -60 )

[node name="StationBridge5" type="Spatial" parent="StationBuilderPreview/Tower11/Bridge6" instance=ExtResource( 3 )]
transform = Transform( 1, 0, 0, 0, 1, 0, 0, 0, 1, 0, 0, -80 )

[node name="Tower12" type="Spatial" parent="StationBuilderPreview"]
transform = Transform( -0.891863, 0.133877, 0.432038, 0, 0.955191, -0.295989, -0.452305, -0.263981, -0.8519, 1030.11, -926.262, -2461.19 )

[node name="ns_blank" type="Spatial" parent="StationBuilderPreview/Tower12" instance=ExtResource( 11 )]
transform = Transform( -1, 0, 0, 0, 0, -1, 0, -1, 0, 0, 0, 0 )

[node name="ns_blank2" type="Spatial" parent="StationBuilderPreview/Tower12" instance=ExtResource( 11 )]
transform = Transform( -1, 0, 0, 0, 0, -1, 0, -1, 0, 0, 0, -25 )

[node name="ns_blank3" type="Spatial" parent="StationBuilderPreview/Tower12" instance=ExtResource( 11 )]
transform = Transform( -1, 0, 0, 0, 0, -1, 0, -1, 0, 0, 0, -50 )

[node name="ns_blank4" type="Spatial" parent="StationBuilderPreview/Tower12" instance=ExtResource( 11 )]
transform = Transform( -1, 0, 0, 0, 0, -1, 0, -1, 0, 0, 0, -75 )

[node name="ns_cap" type="Spatial" parent="StationBuilderPreview/Tower12" instance=ExtResource( 10 )]
transform = Transform( -1, 0, 0, 0, 0, -1, 0, -1, 0, 0, 0, -100 )

[node name="Tower13" type="Spatial" parent="StationBuilderPreview"]
transform = Transform( -0.891633, 0.133801, 0.432537, 0, 0.955335, -0.295525, -0.452759, -0.263499, -0.851808, 1138.39, -836.977, -2456.55 )

[node name="ns_blank" type="Spatial" parent="StationBuilderPreview/Tower13" instance=ExtResource( 11 )]
transform = Transform( -1, 0, 0, 0, 0, -1, 0, -1, 0, 0, 0, 0 )

[node name="ns_blank2" type="Spatial" parent="StationBuilderPreview/Tower13" instance=ExtResource( 11 )]
transform = Transform( -1, 0, 0, 0, 0, -1, 0, -1, 0, 0, 0, -25 )

[node name="ns_blank3" type="Spatial" parent="StationBuilderPreview/Tower13" instance=ExtResource( 11 )]
transform = Transform( -1, 0, 0, 0, 0, -1, 0, -1, 0, 0, 0, -50 )

[node name="ns_cap" type="Spatial" parent="StationBuilderPreview/Tower13" instance=ExtResource( 10 )]
transform = Transform( -1, 0, 0, 0, 0, -1, 0, -1, 0, 0, 0, -75 )

[node name="Bridge" type="Spatial" parent="StationBuilderPreview/Tower13"]
transform = Transform( -0.000385202, 0.0012453, -0.999999, 1, 3.13916e-07, -0.000385202, -1.65778e-07, -0.999999, -0.0012453, 0.000427246, -0.000427246, -4.64087 )

[node name="StationBridge" type="Spatial" parent="StationBuilderPreview/Tower13/Bridge" instance=ExtResource( 3 )]

[node name="StationBridge2" type="Spatial" parent="StationBuilderPreview/Tower13/Bridge" instance=ExtResource( 3 )]
transform = Transform( 1, 0, 0, 0, 1, 0, 0, 0, 1, 0, 0, -20 )

[node name="StationBridge3" type="Spatial" parent="StationBuilderPreview/Tower13/Bridge" instance=ExtResource( 3 )]
transform = Transform( 1, 0, 0, 0, 1, 0, 0, 0, 1, 0, 0, -40 )

[node name="StationBridge4" type="Spatial" parent="StationBuilderPreview/Tower13/Bridge" instance=ExtResource( 3 )]
transform = Transform( 1, 0, 0, 0, 1, 0, 0, 0, 1, 0, 0, -60 )

[node name="StationBridge5" type="Spatial" parent="StationBuilderPreview/Tower13/Bridge" instance=ExtResource( 3 )]
transform = Transform( 1, 0, 0, 0, 1, 0, 0, 0, 1, 0, 0, -80 )

[node name="Tower14" type="Spatial" parent="StationBuilderPreview"]
transform = Transform( -0.891863, 0.133667, 0.432104, 0, 0.955335, -0.295524, -0.452306, -0.263567, -0.852028, 1057.37, -841.617, -2514.66 )

[node name="ns_blank" type="Spatial" parent="StationBuilderPreview/Tower14" instance=ExtResource( 11 )]
transform = Transform( -1, 0, 0, 0, 0, -1, 0, -1, 0, 0, 0, 0 )

[node name="ns_cap" type="Spatial" parent="StationBuilderPreview/Tower14" instance=ExtResource( 10 )]
transform = Transform( -1, 0, 0, 0, 0, -1, 0, -1, 0, 0, 0, -25 )

[node name="DockingTower" type="StaticBody" parent="StationBuilderPreview" instance=ExtResource( 5 )]
transform = Transform( -0.133976, -0.433102, -0.891332, -0.955335, 0.295525, 0, 0.263411, 0.851521, -0.453351, 1098.34, -1016.09, -2377.88 )

[node name="DockingTower2" type="StaticBody" parent="StationBuilderPreview" instance=ExtResource( 5 )]
transform = Transform( -0.891393, -0.432941, 0.13409, 6.56738e-05, 0.29573, 0.955272, -0.453231, 0.851531, -0.263583, 1155.66, -745.563, -2490.47 )

[node name="DefenseTower6" type="RigidBody" parent="StationBuilderPreview" instance=ExtResource( 9 )]
transform = Transform( -0.891402, -0.432865, 0.134275, 5.46875e-07, 0.296272, 0.955103, -0.453213, 0.851382, -0.264098, 1234.02, -507.984, -2427.13 )
mode = 1
sleeping = true
script = ExtResource( 12 )
FriendlyName = "Defense Tower"
MaximumHealth = 7000.0
Armor = 20.0
LeakBubblesPrefab = ExtResource( 8 )
MaximumLeakBubbles = 7
TorpedoReloadType = ExtResource( 4 )
TurretTypes = [ ExtResource( 7 ), ExtResource( 7 ), ExtResource( 7 ) ]
TorpedoTubeType = ExtResource( 2 )

[node name="DefenseTower7" type="RigidBody" parent="StationBuilderPreview" instance=ExtResource( 9 )]
transform = Transform( 0.882985, -0.433115, -0.180968, -0.0509803, 0.294764, -0.954209, 0.466625, 0.851778, 0.238191, 1139.67, -1122.04, -2279.16 )
mode = 1
sleeping = true
script = ExtResource( 12 )
FriendlyName = "Defense Tower"
MaximumHealth = 7000.0
Armor = 20.0
LeakBubblesPrefab = ExtResource( 8 )
MaximumLeakBubbles = 7
TorpedoReloadType = ExtResource( 4 )
TurretTypes = [ ExtResource( 7 ), ExtResource( 7 ), ExtResource( 7 ) ]
TorpedoTubeType = ExtResource( 2 )

[node name="DefenseTower8" type="RigidBody" parent="StationBuilderPreview" instance=ExtResource( 9 )]
transform = Transform( -0.157917, -0.433696, -0.887113, -0.954988, 0.295546, 0.0255115, 0.251118, 0.851211, -0.460846, 939.164, -826.191, -2551.34 )
mode = 1
sleeping = true
script = ExtResource( 12 )
FriendlyName = "Defense Tower"
MaximumHealth = 7000.0
Armor = 20.0
LeakBubblesPrefab = ExtResource( 8 )
MaximumLeakBubbles = 7
TorpedoReloadType = ExtResource( 4 )
TurretTypes = [ ExtResource( 7 ), ExtResource( 7 ), ExtResource( 7 ) ]
TorpedoTubeType = ExtResource( 2 )

[node name="DefenseTower9" type="RigidBody" parent="StationBuilderPreview" instance=ExtResource( 9 )]
transform = Transform( 0.204583, -0.432287, 0.878222, 0.952294, 0.295465, -0.0764012, -0.226457, 0.851956, 0.472111, 1508.55, -862.695, -2264.94 )
mode = 1
sleeping = true
script = ExtResource( 12 )
FriendlyName = "Defense Tower"
MaximumHealth = 7000.0
Armor = 20.0
LeakBubblesPrefab = ExtResource( 8 )
MaximumLeakBubbles = 7
TorpedoReloadType = ExtResource( 4 )
TurretTypes = [ ExtResource( 7 ), ExtResource( 7 ), ExtResource( 7 ) ]
TorpedoTubeType = ExtResource( 2 )

[node name="DefenseTower10" type="RigidBody" parent="StationBuilderPreview" instance=ExtResource( 9 )]
transform = Transform( -0.872086, -0.432796, 0.22837, 0.101669, 0.296248, 0.949685, -0.478674, 0.851425, -0.214352, 1266.84, -511.625, -2416.69 )
mode = 1
sleeping = true
script = ExtResource( 12 )
FriendlyName = "Defense Tower"
MaximumHealth = 7000.0
Armor = 20.0
LeakBubblesPrefab = ExtResource( 8 )
MaximumLeakBubbles = 7
TorpedoReloadType = ExtResource( 4 )
TurretTypes = [ ExtResource( 7 ), ExtResource( 7 ), ExtResource( 7 ) ]
TorpedoTubeType = ExtResource( 2 )
