[gd_scene load_steps=12 format=2]

[ext_resource path="res://Scenes/Interaction/GoalStationController.cs" type="Script" id=1]
[ext_resource path="res://Resources/Equipment/Torpedoes/JavelinTorpedo.tres" type="Resource" id=2]
[ext_resource path="res://Scenes/Ships/TurretMount.cs" type="Script" id=3]
[ext_resource path="res://Scenes/Ships/TorpedoTube.cs" type="Script" id=4]
[ext_resource path="res://Resources/Equipment/Modules/Turrets/TurretD12x1.tres" type="Resource" id=5]
[ext_resource path="res://Assets/Models/bastion2.obj" type="ArrayMesh" id=6]
[ext_resource path="res://Scenes/Effects/LeakBubbles.tscn" type="PackedScene" id=7]
[ext_resource path="res://Resources/AI/ShootHostileContactGoalType.tres" type="Resource" id=8]
[ext_resource path="res://Scenes/Stations/Other/DefenseTower.cs" type="Script" id=9]
[ext_resource path="res://Resources/Equipment/Modules/Launchers/TorpedoBox6.tres" type="Resource" id=10]

[sub_resource type="CylinderShape" id=6]
height = 70.2825
radius = 12.5327

[node name="DefenseTower" type="RigidBody"]
mode = 1
sleeping = true
script = ExtResource( 9 )
FriendlyName = "Defense Tower"
MaximumHealth = 7000.0
Armor = 20.0
LeakBubblesPrefab = ExtResource( 7 )
MaximumLeakBubbles = 7
TorpedoReloadType = ExtResource( 2 )
TurretTypes = [ ExtResource( 5 ), ExtResource( 5 ), ExtResource( 5 ) ]
TorpedoTubeType = ExtResource( 10 )

[node name="MeshInstance" type="MeshInstance" parent="."]
transform = Transform( 1, 0, 0, 0, -4.37114e-08, 1, 0, -1, -4.37114e-08, 0, -16.4603, 0 )
mesh = ExtResource( 6 )

[node name="CollisionShape" type="CollisionShape" parent="."]
transform = Transform( 1, 0, 0, 0, 1, 0, 0, 0, 1, 0, 18.9742, 0 )
shape = SubResource( 6 )

[node name="Torpedo0" type="Spatial" parent="."]
transform = Transform( 1, 0, 0, 0, -4.37114e-08, 1, 0, -1, -4.37114e-08, 0, 57.1207, -2.701e-08 )
script = ExtResource( 4 )
WireRadians = 3.0

[node name="MountTurret0" type="Spatial" parent="."]
transform = Transform( 1, 0, 1.06581e-14, 0, 1, 0, -1.06581e-14, 0, 1, 0.0320959, 44.6036, 16.5395 )
script = ExtResource( 3 )
YawRange = 105.0
MaxElevation = 25.0

[node name="MountTurret1" type="Spatial" parent="."]
transform = Transform( -0.535724, 0, -0.844393, 0, 1, 0, 0.844393, 0, -0.535724, -14.2955, 44.6036, -8.27994 )
script = ExtResource( 3 )
YawRange = 105.0
MaxElevation = 25.0

[node name="MountTurret2" type="Spatial" parent="."]
transform = Transform( -0.56678, 0, 0.823869, 0, 1, 0, -0.823869, 0, -0.56678, 14.3296, 44.6036, -8.29359 )
script = ExtResource( 3 )
YawRange = 105.0
MaxElevation = 25.0

[node name="BastionController" type="Spatial" parent="."]
transform = Transform( 1, 0, 0, 0, 1, 0, 0, 0, 1, 0, 12.4588, 0 )
script = ExtResource( 1 )
GoalTypes = [ ExtResource( 8 ) ]

[node name="OmniLight" type="OmniLight" parent="."]
transform = Transform( 1, 0, 0, 0, 1, 0, 0, 0, 1, 23.8777, 68.9372, 0 )
editor_only = true
omni_range = 500.0
