[gd_resource type="Resource" load_steps=25 format=2]

[ext_resource path="res://Resources/Worldgen/WorldDefinition.cs" type="Script" id=1]
[ext_resource path="res://Resources/Worldgen/StationDefinitions/Hudson/Delve.tres" type="Resource" id=2]
[ext_resource path="res://Resources/Worldgen/StationDefinitions/Hudson/Newhome.tres" type="Resource" id=3]
[ext_resource path="res://Resources/Worldgen/StationDefinitions/Hudson/Northburg.tres" type="Resource" id=4]
[ext_resource path="res://Resources/Worldgen/StationDefinitions/Hudson/Nerva.tres" type="Resource" id=5]
[ext_resource path="res://Resources/Worldgen/StationDefinitions/Hudson/Bastion.tres" type="Resource" id=6]
[ext_resource path="res://Resources/Equipment/SubLoadouts/LoadoutStarterStalwart.tres" type="Resource" id=7]
[ext_resource path="res://Resources/Simulation/Factions/f_Player.tres" type="Resource" id=8]
[ext_resource path="res://Resources/Worldgen/StationDefinitions/Novarus/TheDig.tres" type="Resource" id=9]
[ext_resource path="res://Resources/Worldgen/StationDefinitions/Novarus/ImperialCity.tres" type="Resource" id=10]
[ext_resource path="res://Resources/Worldgen/StationDefinitions/Hudson/Cachette.tres" type="Resource" id=11]
[ext_resource path="res://Resources/Worldgen/StationDefinitions/Hudson/LaGrotte.tres" type="Resource" id=12]
[ext_resource path="res://Resources/Worldgen/StationDefinitions/Hudson/JamesonDepot.tres" type="Resource" id=13]
[ext_resource path="res://Resources/Worldgen/StationDefinitions/Hudson/PortLiberation.tres" type="Resource" id=14]
[ext_resource path="res://Resources/Worldgen/StationDefinitions/Hudson/Shortrope.tres" type="Resource" id=15]
[ext_resource path="res://Resources/Worldgen/FixedPois/PoiNewhome.tres" type="Resource" id=16]
[ext_resource path="res://Resources/Worldgen/FixedPois/PoiBastion.tres" type="Resource" id=17]
[ext_resource path="res://Resources/Worldgen/FixedPois/PoiDelve.tres" type="Resource" id=18]
[ext_resource path="res://Resources/Worldgen/FixedPois/PoiNerva.tres" type="Resource" id=19]
[ext_resource path="res://Resources/Worldgen/FixedPois/PoiNorthburg.tres" type="Resource" id=20]
[ext_resource path="res://Resources/Worldgen/WreckDefinition/TheFitzgerald.tres" type="Resource" id=21]
[ext_resource path="res://Resources/Worldgen/StationDefinitions/Novarus/TheWall.tres" type="Resource" id=22]
[ext_resource path="res://Resources/Worldgen/StationDefinitions/Novarus/BloodyBay.tres" type="Resource" id=23]
[ext_resource path="res://Resources/Worldgen/StationDefinitions/Novarus/Haven.tres" type="Resource" id=24]

[resource]
script = ExtResource( 1 )
Stations = [ ExtResource( 3 ), ExtResource( 2 ), ExtResource( 4 ), ExtResource( 6 ), ExtResource( 5 ), ExtResource( 11 ), ExtResource( 12 ), ExtResource( 13 ), ExtResource( 14 ), ExtResource( 15 ), ExtResource( 10 ), ExtResource( 9 ), ExtResource( 22 ), ExtResource( 23 ), ExtResource( 24 ) ]
PlayerStartLatitude = 12.892
PlayerStartLongitude = 139.596
PlayerFaction = ExtResource( 8 )
StarterSub = ExtResource( 7 )
StartingMoney = 150000.0
StartingTopics = PoolStringArray( "Rumors", "Location", "Work", "Trade", "Hello", "Who are You\?", "What\'s going on\?", "What do I do\?" )
StartingKnownPoi = [ ExtResource( 17 ), ExtResource( 18 ), ExtResource( 19 ), ExtResource( 16 ), ExtResource( 20 ) ]
PersistentWrecks = [ ExtResource( 21 ) ]
