[gd_resource type="Resource" load_steps=24 format=2]

[ext_resource path="res://Resources/Simulation/Economy/EconomicProcess/eproc_food_factory.tres" type="Resource" id=1]
[ext_resource path="res://Resources/Simulation/Economy/Farming/eproc_kelp_farm.tres" type="Resource" id=2]
[ext_resource path="res://Resources/Simulation/Economy/EconomicProcess/eproc_consumer_goods_factory.tres" type="Resource" id=3]
[ext_resource path="res://Resources/Simulation/Economy/Mining/eproc_mine.tres" type="Resource" id=4]
[ext_resource path="res://Resources/Simulation/Economy/EconomicProcess/eproc_reactor.tres" type="Resource" id=5]
[ext_resource path="res://Resources/Simulation/Economy/EconomicProcess/eproc_hangar.tres" type="Resource" id=6]
[ext_resource path="res://Resources/Simulation/Economy/EconomicProcess/eproc_pop_upkeep.tres" type="Resource" id=7]
[ext_resource path="res://Resources/Simulation/Economy/EconomicProcess/eproc_fuel_rod_factory.tres" type="Resource" id=8]
[ext_resource path="res://Resources/Simulation/Economy/EconomicProcess/eproc_resin_factory.tres" type="Resource" id=9]
[ext_resource path="res://Resources/Simulation/Economy/EconomicProcess/eproc_bewery.tres" type="Resource" id=10]
[ext_resource path="res://Resources/Simulation/Factions/Hudson/f_Delve.tres" type="Resource" id=11]
[ext_resource path="res://Resources/Worldgen/StationModuleSets/HudsonStationModuleSet.tres" type="Resource" id=12]
[ext_resource path="res://Resources/Worldgen/StationDefinitions/StationDefinition.cs" type="Script" id=13]
[ext_resource path="res://Resources/Worldgen/AgentDefinitions/patrol_Protector.tres" type="Resource" id=14]
[ext_resource path="res://Resources/Simulation/Economy/EconomicProcess/eproc_electronics_factory.tres" type="Resource" id=15]
[ext_resource path="res://Resources/Worldgen/AgentDefinitions/trade_Stalwart.tres" type="Resource" id=16]
[ext_resource path="res://Resources/Worldgen/AgentDefinitions/trade_Conveyor.tres" type="Resource" id=17]
[ext_resource path="res://Resources/Worldgen/AgentDefinitions/patrol_Province.tres" type="Resource" id=18]
[ext_resource path="res://Resources/Simulation/Factions/Hudson/f_Hudson.tres" type="Resource" id=19]
[ext_resource path="res://Resources/Simulation/Factions/f_Cartel.tres" type="Resource" id=20]
[ext_resource path="res://Resources/Simulation/Economy/EconomicProcess/eproc_steel_foundry.tres" type="Resource" id=21]
[ext_resource path="res://Resources/Worldgen/AgentDefinitions/trade_Forthright.tres" type="Resource" id=22]
[ext_resource path="res://Resources/Worldgen/AgentDefinitions/patrol_Defender.tres" type="Resource" id=23]

[resource]
script = ExtResource( 13 )
Name = "Delve"
Faction = ExtResource( 11 )
Latitude = -14.324
Longitude = 133.052
CommodityCapacity = 50000
FactionsPresent = [ ExtResource( 11 ), ExtResource( 19 ), ExtResource( 20 ) ]
TradeDistance = 125000.0
EconomicProcesses = [ ExtResource( 5 ), ExtResource( 5 ), ExtResource( 5 ), ExtResource( 5 ), ExtResource( 7 ), ExtResource( 7 ), ExtResource( 7 ), ExtResource( 7 ), ExtResource( 7 ), ExtResource( 7 ), ExtResource( 7 ), ExtResource( 7 ), ExtResource( 7 ), ExtResource( 7 ), ExtResource( 6 ), ExtResource( 6 ), ExtResource( 6 ), ExtResource( 8 ), ExtResource( 8 ), ExtResource( 1 ), ExtResource( 1 ), ExtResource( 1 ), ExtResource( 1 ), ExtResource( 1 ), ExtResource( 1 ), ExtResource( 1 ), ExtResource( 1 ), ExtResource( 3 ), ExtResource( 3 ), ExtResource( 21 ), ExtResource( 21 ), ExtResource( 21 ), ExtResource( 21 ), ExtResource( 21 ), ExtResource( 15 ), ExtResource( 15 ), ExtResource( 10 ), ExtResource( 10 ), ExtResource( 10 ), ExtResource( 9 ), ExtResource( 9 ), ExtResource( 9 ), ExtResource( 2 ), ExtResource( 2 ), ExtResource( 2 ), ExtResource( 2 ), ExtResource( 2 ), ExtResource( 4 ), ExtResource( 4 ), ExtResource( 4 ) ]
SupportedAgents = [ ExtResource( 14 ), ExtResource( 23 ), ExtResource( 23 ), ExtResource( 18 ), ExtResource( 16 ), ExtResource( 17 ), ExtResource( 16 ), ExtResource( 22 ), ExtResource( 17 ), ExtResource( 17 ) ]
ModuleSet = ExtResource( 12 )
StationShape = 1
TradeSourceLatitude = 2.865
TradeSourceLongitude = 127.643
AttackSourceLatitude = 0.0
AttackSourceLongitude = 0.0
DefenseTowerCount = 4
BarName = "Molly's"
EquipmentShopName = "The Drill Shop"
WarehouseName = "Interstation Shipping"
SecurityOfficeName = "Security Office"
BountyOfficeName = "Sherrif's Office"
