[gd_scene load_steps=25 format=2]

[ext_resource path="res://Assets/Models/Patriot.obj" type="ArrayMesh" id=1]
[ext_resource path="res://Textures/bubbles.tres" type="QuadMesh" id=2]
[ext_resource path="res://Scenes/Ships/Submarine.cs" type="Script" id=3]
[ext_resource path="res://Scenes/Ships/EngineParticles.cs" type="Script" id=4]
[ext_resource path="res://Scenes/Ships/TurretMount.cs" type="Script" id=5]
[ext_resource path="res://Assets/Sound/engine_drone.wav" type="AudioStream" id=6]
[ext_resource path="res://Assets/OttersModels/SubMat.material" type="Material" id=7]
[ext_resource path="res://Scenes/Effects/SubmarineSpotlight.tscn" type="PackedScene" id=8]
[ext_resource path="res://Textures/ui_icons/ui_contact_sub.png" type="Texture" id=10]
[ext_resource path="res://Scenes/Ships/TorpedoTube.cs" type="Script" id=11]
[ext_resource path="res://Scenes/Effects/LeakBubbles.tscn" type="PackedScene" id=12]
[ext_resource path="res://Scenes/Ships/EngineSoundPlayer.cs" type="Script" id=14]
[ext_resource path="res://Resources/Simulation/Commodities/commodity_weapons.tres" type="Resource" id=20]
[ext_resource path="res://Resources/CommodityQuantity.cs" type="Script" id=21]
[ext_resource path="res://Scenes/Effects/eff_decoy.tscn" type="PackedScene" id=22]
[ext_resource path="res://Scenes/MiscObjects/CargoPod.tscn" type="PackedScene" id=23]
[ext_resource path="res://Scenes/Effects/CollisionSoundEffect.tscn" type="PackedScene" id=25]

[sub_resource type="Resource" id=11]
script = ExtResource( 21 )
Commodity = ExtResource( 20 )
Quantity = 20

[sub_resource type="Curve" id=1]
_data = [ Vector2( 0, 1 ), 0.0, 0.0, 0, 0, Vector2( 0.782609, 0.80644 ), -0.669091, -0.669091, 0, 0, Vector2( 1, 0 ), -4.59465, 0.0, 0, 0 ]

[sub_resource type="CurveTexture" id=2]
curve = SubResource( 1 )

[sub_resource type="ParticlesMaterial" id=12]
lifetime_randomness = 0.5
emission_shape = 2
emission_box_extents = Vector3( 0, 1.5, 0.5 )
spread = 0.0
gravity = Vector3( 0, 0, 0 )
initial_velocity = 10.0
damping = 7.0
scale_curve = SubResource( 2 )

[sub_resource type="CapsuleShape" id=4]
radius = 3.97887
height = 21.2618

[sub_resource type="CapsuleShape" id=13]
radius = 3.97887
height = 12.435

[sub_resource type="BoxShape" id=14]
extents = Vector3( 1.53561, 2.53536, 4.15096 )

[node name="Patriot" type="RigidBody"]
mass = 1640.0
gravity_scale = 0.0
contacts_reported = 1
contact_monitor = true
can_sleep = false
linear_damp = 0.0
angular_damp = 0.5
script = ExtResource( 3 )
TypeIcon = ExtResource( 10 )
BracketSizeFactor = 75.0
LeakBubblesPrefab = ExtResource( 12 )
MinCameraDist = 10.0
CargoPodPrefab = ExtResource( 23 )
HintDockingWidth = 9.0
HintDiverRadius = 9.0
WreckCommodities = [ SubResource( 11 ) ]
CollisionSoundPrefab = ExtResource( 25 )
DecoyPrefab = ExtResource( 22 )

[node name="Torpedo1" type="Spatial" parent="."]
transform = Transform( 1, 0, 0, 0, 1, 0, 0, 0, 1, 7.62274, 0, 6.979 )
script = ExtResource( 11 )

[node name="Torpedo0" type="Spatial" parent="."]
transform = Transform( 1, 0, 0, 0, 1, 0, 0, 0, 1, -7.623, 0, 6.979 )
script = ExtResource( 11 )

[node name="MountTurret0" type="Spatial" parent="."]
transform = Transform( 1, 0, 0, 0, 1, 0, 0, 0, 1, 0, -0.273281, 11.3252 )
script = ExtResource( 5 )
YawRange = 60.0
MaxElevation = 30.0

[node name="Particles" type="Particles" parent="."]
transform = Transform( -4.37114e-08, 0, 1, 0, 1, 0, -1, 0, -4.37114e-08, 6.22808, -0.0946951, -15.958 )
amount = 400
lifetime = 4.0
visibility_aabb = AABB( -4, -3.62997, -4, 8, 7.25994, 8 )
local_coords = false
process_material = SubResource( 12 )
draw_pass_1 = ExtResource( 2 )
script = ExtResource( 4 )

[node name="Particles2" type="Particles" parent="."]
transform = Transform( -4.37114e-08, 0, 1, 0, 1, 0, -1, 0, -4.37114e-08, -6.228, -0.095, -15.958 )
amount = 400
lifetime = 4.0
visibility_aabb = AABB( -4, -3.62997, -4, 8, 7.25994, 8 )
local_coords = false
process_material = SubResource( 12 )
draw_pass_1 = ExtResource( 2 )
script = ExtResource( 4 )

[node name="CameraCenter" type="Spatial" parent="."]
transform = Transform( 1, 0, 0, 0, 1, 0, 0, 0, 1, 0, 7.25019, 4.93055 )

[node name="CollisionShape" type="CollisionShape" parent="."]
transform = Transform( 1, 0, 0, 0, 1, 0, 0, 0, 1, -5.39172, 0, -3.37201 )
shape = SubResource( 4 )

[node name="CollisionShape2" type="CollisionShape" parent="."]
transform = Transform( 1, 0, 0, 0, 1, 0, 0, 0, 1, 5.392, 0, -3.372 )
shape = SubResource( 4 )

[node name="CollisionShape3" type="CollisionShape" parent="."]
transform = Transform( 1, 0, 0, 0, 1, 0, 0, 0, 1, 0, 0, 4.16926 )
shape = SubResource( 13 )

[node name="CollisionShape4" type="CollisionShape" parent="."]
transform = Transform( 1, 0, 0, 0, 1, 0, 0, 0, 1, 0, 0, -9.88161 )
shape = SubResource( 14 )

[node name="EngineSoundPlayer" type="AudioStreamPlayer3D" parent="."]
transform = Transform( 1, 0, 0, 0, 1, 0, 0, 0, 1, 0.0173311, 0.158671, -13.657 )
stream = ExtResource( 6 )
unit_size = 20.0
max_db = 1.0
autoplay = true
bus = "Effects"
script = ExtResource( 14 )

[node name="DirectionalLight" type="DirectionalLight" parent="."]
transform = Transform( 1, 0, 0, 0, 0.736534, 0.6764, 0, -0.6764, 0.736534, 0, 0, 0 )
editor_only = true

[node name="DiveHatch" type="Spatial" parent="."]
transform = Transform( 1, 0, 0, 0, -4.37114e-08, -1, 0, 1, -4.37114e-08, 0, -3.13453, -6.40012 )

[node name="ApproachPoint" type="Spatial" parent="DiveHatch"]
transform = Transform( 1, 0, 0, 0, 1, 0, 0, 0, 1, 0, 0, 4 )

[node name="DecoyDropper" type="Spatial" parent="."]
transform = Transform( 1, 0, 0, 0, -0.707107, -0.707107, 0, 0.707107, -0.707107, 0, -1.92334, -13.4238 )

[node name="TowHook" type="Spatial" parent="."]
transform = Transform( 1, 0, 0, 0, 1, 0, 0, 0, 1, 0, -0.0753796, -14.0375 )

[node name="MeshInstance" type="MeshInstance" parent="."]
transform = Transform( 1, 0, 0, 0, -4.37114e-08, 1, 0, -1, -4.37114e-08, 0, 0, 0 )
mesh = ExtResource( 1 )
material/0 = ExtResource( 7 )

[node name="SpotLight" parent="." instance=ExtResource( 8 )]
transform = Transform( -1, -3.90806e-08, 1.45851e-07, 0, 0.965926, 0.258819, -1.50996e-07, 0.258819, -0.965926, -8.7215e-07, -2.69632, 13.401 )

[connection signal="body_entered" from="." to="." method="Collided"]
