[gd_scene load_steps=29 format=2]

[ext_resource path="res://Assets/Models/novarus_frigate.obj" type="ArrayMesh" id=1]
[ext_resource path="res://Textures/bubbles.tres" type="QuadMesh" id=2]
[ext_resource path="res://Scenes/Ships/Submarine.cs" type="Script" id=3]
[ext_resource path="res://Scenes/Ships/EngineParticles.cs" type="Script" id=4]
[ext_resource path="res://Scenes/Effects/SubmarineSpotlight.tscn" type="PackedScene" id=5]
[ext_resource path="res://Textures/engine_trail_procmat.tres" type="Material" id=6]
[ext_resource path="res://Scenes/Ships/TurretMount.cs" type="Script" id=7]
[ext_resource path="res://Assets/OttersModels/SubMat.material" type="Material" id=8]
[ext_resource path="res://Textures/ui_icons/ui_contact_sub.png" type="Texture" id=10]
[ext_resource path="res://Scenes/Ships/TorpedoTube.cs" type="Script" id=11]
[ext_resource path="res://Scenes/Effects/LeakBubbles.tscn" type="PackedScene" id=12]
[ext_resource path="res://Resources/Simulation/Commodities/commodity_weapons.tres" type="Resource" id=14]
[ext_resource path="res://Resources/CommodityQuantity.cs" type="Script" id=15]
[ext_resource path="res://Scenes/Effects/eff_decoy.tscn" type="PackedScene" id=16]
[ext_resource path="res://Scenes/MiscObjects/CargoPod.tscn" type="PackedScene" id=17]
[ext_resource path="res://Scenes/Ships/EngineSoundPlayer.cs" type="Script" id=18]
[ext_resource path="res://Assets/Sound/engine_drone.wav" type="AudioStream" id=19]
[ext_resource path="res://Scenes/Effects/CollisionSoundEffect.tscn" type="PackedScene" id=22]

[sub_resource type="Resource" id=12]
script = ExtResource( 15 )
Commodity = ExtResource( 14 )
Quantity = 40

[sub_resource type="BoxShape" id=1]
extents = Vector3( 6.95882, 3.57647, 11.7129 )

[sub_resource type="BoxShape" id=2]
extents = Vector3( 4.71424, 3.80007, 2.94522 )

[sub_resource type="BoxShape" id=3]
extents = Vector3( 4.96835, 1.05093, 6.68453 )

[sub_resource type="BoxShape" id=4]
extents = Vector3( 5.06689, 1.59478, 13.7085 )

[sub_resource type="BoxShape" id=5]
extents = Vector3( 2.81045, 1.59478, 8.05215 )

[sub_resource type="BoxShape" id=6]
extents = Vector3( 1.04937, 1.93857, 5.09997 )

[sub_resource type="BoxShape" id=7]
extents = Vector3( 1.04937, 1.09569, 1.58404 )

[sub_resource type="CapsuleShape" id=8]
radius = 3.41414
height = 10.0693

[sub_resource type="BoxShape" id=9]
extents = Vector3( 4.18794, 0.79334, 6.12399 )

[node name="Frigate" type="RigidBody"]
mass = 3464.0
gravity_scale = 0.0
contacts_reported = 1
contact_monitor = true
linear_damp = 0.0
angular_damp = 0.5
script = ExtResource( 3 )
TypeIcon = ExtResource( 10 )
BracketSizeFactor = 100.0
LeakBubblesPrefab = ExtResource( 12 )
MinCameraDist = 10.0
CargoPodPrefab = ExtResource( 17 )
HintDockingWidth = 15.0
HintDiverRadius = 15.0
WreckCommodities = [ SubResource( 12 ) ]
CollisionSoundPrefab = ExtResource( 22 )
DecoyPrefab = ExtResource( 16 )

[node name="Torpedo1" type="Spatial" parent="."]
transform = Transform( 1, 0, 0, 0, 1, 0, 0, 0, 1, -2.97257, -3.88769, 8.177 )
script = ExtResource( 11 )

[node name="Torpedo2" type="Spatial" parent="."]
transform = Transform( 1, 0, 0, 0, 1, 0, 0, 0, 1, 3.00556, -3.92045, 8.1768 )
script = ExtResource( 11 )

[node name="MeshInstance" type="MeshInstance" parent="."]
transform = Transform( 1, 0, 0, 0, -4.37114e-08, 1, 0, -1, -4.37114e-08, 0, 0.0811977, 0.031353 )
mesh = ExtResource( 1 )
material/0 = ExtResource( 8 )

[node name="Particles" type="Particles" parent="."]
transform = Transform( -4.37114e-08, 0, 1, 0, 1, 0, -1, 0, -4.37114e-08, -3.03833, 3.42005, -17.291 )
amount = 400
lifetime = 4.0
local_coords = false
process_material = ExtResource( 6 )
draw_pass_1 = ExtResource( 2 )
script = ExtResource( 4 )

[node name="Particles2" type="Particles" parent="."]
transform = Transform( -4.37114e-08, 0, 1, 0, 1, 0, -1, 0, -4.37114e-08, 3.14057, 3.57592, -17.2875 )
amount = 400
lifetime = 4.0
local_coords = false
process_material = ExtResource( 6 )
draw_pass_1 = ExtResource( 2 )
script = ExtResource( 4 )

[node name="Particles3" type="Particles" parent="."]
transform = Transform( -4.37114e-08, 0, 1, 0, 1, 0, -1, 0, -4.37114e-08, 2.97582, -0.394781, -17.8188 )
amount = 400
lifetime = 4.0
local_coords = false
process_material = ExtResource( 6 )
draw_pass_1 = ExtResource( 2 )
script = ExtResource( 4 )

[node name="Particles4" type="Particles" parent="."]
transform = Transform( -4.37114e-08, 0, 1, 0, 1, 0, -1, 0, -4.37114e-08, -2.97957, -0.563746, -17.8188 )
amount = 400
lifetime = 4.0
local_coords = false
process_material = ExtResource( 6 )
draw_pass_1 = ExtResource( 2 )
script = ExtResource( 4 )

[node name="CameraCenter" type="Spatial" parent="."]
transform = Transform( 1, 0, 0, 0, 1, 0, 0, 0, 1, 0, 8.6616, 8.75883 )

[node name="MountTurret0" type="Spatial" parent="."]
transform = Transform( 0.866025, 0, 0.5, 0, 1, 0, -0.5, 0, 0.866025, 3.41992, 2.16188, 3.87698 )
script = ExtResource( 7 )
YawRange = 60.0
MaxElevation = 5.0

[node name="MountTurret1" type="Spatial" parent="."]
transform = Transform( 0.866025, 0, -0.5, 0, 1, 0, 0.5, 0, 0.866025, -3.33054, 2.16188, 3.87698 )
script = ExtResource( 7 )
YawRange = 60.0
MaxElevation = 5.0

[node name="CollisionShape" type="CollisionShape" parent="."]
transform = Transform( 1, 0, 0, 0, 1, 0, 0, 0, 1, 0, 0.707929, -1.54676 )
shape = SubResource( 1 )

[node name="CollisionShape2" type="CollisionShape" parent="."]
transform = Transform( 1, 0, 0, 0, 1, 0, 0, 0, 1, 0, 1.37825, -16.1872 )
shape = SubResource( 2 )

[node name="CollisionShape3" type="CollisionShape" parent="."]
transform = Transform( 1, 0, 0, 0, 1, 0, 0, 0, 1, 0, 5.01475, -5.03242 )
shape = SubResource( 3 )

[node name="CollisionShape4" type="CollisionShape" parent="."]
transform = Transform( 1, 0, 0, 0, 1, 0, 0, 0, 1, 0, -4.10278, -1.54676 )
shape = SubResource( 4 )

[node name="CollisionShape5" type="CollisionShape" parent="."]
transform = Transform( 1, 0, 0, 0, 1, 0, 0, 0, 1, 0, 0.134478, 17.9537 )
shape = SubResource( 5 )

[node name="CollisionShape6" type="CollisionShape" parent="."]
transform = Transform( 1, 0, 0, 0, 1, 0, 0, 0, 1, 0, -3.45257, 16.4602 )
shape = SubResource( 6 )

[node name="CollisionShape7" type="CollisionShape" parent="."]
transform = Transform( 1, 0, 0, 0, 1, 0, 0, 0, 1, 0, -2.53307, 22.2454 )
shape = SubResource( 7 )

[node name="CollisionShape8" type="CollisionShape" parent="."]
transform = Transform( 1, 0, 0, 0, 0.99443, -0.105396, 0, 0.105396, 0.99443, 0, -0.0931208, 16.1405 )
shape = SubResource( 8 )

[node name="CollisionShape9" type="CollisionShape" parent="."]
transform = Transform( 0.889241, 0.457439, 0, -0.457439, 0.889241, 0, 0, 0, 1, 10.5743, 1.10664, -5.41639 )
shape = SubResource( 9 )

[node name="CollisionShape10" type="CollisionShape" parent="."]
transform = Transform( 0.889241, -0.457439, 0, 0.457439, 0.889241, 0, 0, 0, 1, -10.574, 1.107, -5.416 )
shape = SubResource( 9 )

[node name="EngineSoundPlayer" type="AudioStreamPlayer3D" parent="."]
transform = Transform( 1, 0, 0, 0, 1, 0, 0, 0, 1, 0.0173311, 1.48216, -19.4006 )
stream = ExtResource( 19 )
unit_size = 20.0
max_db = 2.0
autoplay = true
bus = "Effects"
script = ExtResource( 18 )
__meta__ = {
"_edit_group_": true
}

[node name="OmniLight" type="DirectionalLight" parent="."]
transform = Transform( 1, 0, 0, 0, 0.839278, -0.543702, 0, 0.543702, 0.839278, 0, 0, 0 )
editor_only = true

[node name="DiveHatch" type="Spatial" parent="."]
transform = Transform( 1, 0, 0, 0, -4.37114e-08, -1, 0, 1, -4.37114e-08, 0, -5.92762, -13.5095 )

[node name="ApproachPoint" type="Spatial" parent="DiveHatch"]
transform = Transform( 1, 0, 0, 0, 1, 0, 0, 0, 1, 0, 1.90735e-06, 5 )

[node name="DecoyDropper" type="Spatial" parent="."]
transform = Transform( 1, 0, 0, 0, -1, 1.50996e-07, 0, -1.50996e-07, -1, 0, 1.64345, -18.953 )

[node name="TowHook" type="Spatial" parent="."]
transform = Transform( 1, 0, 0, 0, 1, 0, 0, 0, 1, 0, 1.4283, -19.2821 )

[node name="SpotLight" parent="." instance=ExtResource( 5 )]
transform = Transform( -1, -3.90806e-08, 1.45851e-07, 0, 0.965926, 0.258819, -1.50996e-07, 0.258819, -0.965926, 14.5373, -0.904037, -3.03353 )

[node name="SpotLight2" parent="." instance=ExtResource( 5 )]
transform = Transform( -1, -3.90806e-08, 1.45851e-07, 0, 0.965926, 0.258819, -1.50996e-07, 0.258819, -0.965926, -14.537, -0.904, -3.034 )

[connection signal="body_entered" from="." to="." method="Collided"]
